2588 4240
879 241 880 248 ‘
968 245 1043 349 [ruo
1118 247 1119 251 ‘

270 433 322 492 En
337 429 569 492 constructione
588 427 687 508 igitur
713 445 842 488 necesse
869 437 917 489 est
938 429 1041 489 omnis
1086 449 1088 458 ¹

189 516 309 601 eluceat
329 519 777 608 differentia'p'ropositionum
795 525 995 588 relativarum
1011 535 1042 588 et

92 633 96 644 ’
161 613 501 692 'demonstrativum
537 633 569 686 et
609 621 774 708 paupertas
814 619 1040 688 vocabulorum

188 727 365 800 necessario
386 721 564 786 libertatem
586 725 787 786 construendi
817 717 931 786 arcuu's
954 745 1040 786 coer·
1084 805 1086 808 .

188 828 248 907 cdt,
270 837 322 904 aut
336 865 348 876 -
364 829 392 888 si
412 806 587 886 non-ruina
610 833 640 884 et
662 825 859 907 depravatio,
892 827 948 887 scd
967 847 1055 908 pro-¹

162 949 314 1012 [gressus
346 937 378 989 et
411 926 586 988 emendatio
621 925 681 985 tibi
716 927 858 987 videatur
891 936 1041 1008 perpetua

186 1027 364 1110 linguarum
386 1024 589 1086 commutatio
611 1030 671 1098 (cst
693 1025 777 1086 enim
797 1021 978 1107 utrumque)
999 1060 1040 1072 -

186 1127 272 1210 quod
300 1125 417 1206 lingua·
440 1121 567 1204 gothica
601 1143 663 1184 non
696 1125 800 1206 potuit
834 1125 896 1184 nisi
926 1122 1040 1202 majori

184 1223 268 1286 mole
288 1226 462 1284 formarum
484 1223 677 1306 exprimere,
711 1223 758 1283 id'
775 1225 912 1284 francica
941 1223 1040 1286 seculi

185 1325 288 1386 octavi
318 1325 413 1384 modo
442 1323 629 1405 simpliciori
656 1331 687 1383 ct
717 1321 875 1384 subtiliori
895 1315 936 1368 -’
966 1329 1039 1390 conj·

184 1421 358 1485 structione
389 1423 460 1483 dico
482 1457 520 1504 “7
551 1422 697 1488 obtinuit.
739 1424 775 1482 In
790 1503 793 1509 .
808 1417 1039 1484 constructione

183 1523 313 1584 relativa
345 1521 475 1583 verbum
504 1519 679 1602 subjectum
713 1522 872 1603 sequitur,
903 1523 938 1581 in
966 1543 1038 1582 con-

184 1618 355 1681 structione
378 1619 621 1681 demonstrativa
641 1620 772 1682 verbum
786 1620 946 1702 praecedit,
966 1620 1037 1682 sub-

182 1719 310 1800 jectum.
342 1719 492 1802 Exempla
505 1719 576 1781 vide
591 1721 625 1778 in
639 1720 805 1800 glossario,
821 1719 878 1780 sub
894 1719 1038 1793 dhonne,

184 1817 288 1891 dhar,
310 1818 390 1878 dher
412 1827 471 1882 etc.
514 1819 638 1900 Eadem
653 1819 761 1900 regula
780 1819 862 1882 valet
880 1821 914 1880 in
928 1843 1036 1882 monu-
1100 1880 1102 1884 .

183 1917 298 1978 mentis
319 1917 539 1994 alamannicis3
561 1919 731 1978 notandum
751 1925 856 1979 tamen
883 1927 931 1980 est
956 1915 1037 1984 lo'cis

183 2016 240 2078 ubi
256 2017 314 2078 svis
342 2016 602 2079 relativs'formd
631 2006 778 2078 citeriori
807 2015 1047 2096 conjunctionis
1067 2037 1069 2043 ’

183 2111 323 2178 adverbii
342 2118 394 2179 vel
413 2117 612 2200 pronominis
635 2111 830 2198 exprimitur,
852 2121 1039 2180 constructi·

183 2209 276 2278 onem
307 2217 345 2278 ad
372 2237 494 2278 morem
524 2209 687 2298 gothicum
717 2237 785 2278 esse
813 2211 958 2280 liberam.
990 2239 1035 2281 ex.

158 2378 160 2382 ,
182 2339 229 2398 gr.
251 2319 354 2398 Musp.
378 2319 418 2382 12
433 2318 518 2378 -dazi
538 2318 581 2376 ist
602 2317 675 2377 rehu
694 2317 850 2376 virinlich
871 2318 961 2394 ding.
985 2320 1036 2386 16,

181 2415 259 2478 dari
278 2416 321 2476 ist
335 2417 381 2496 lip
397 2437 458 2476 ano
474 2419 537 2482 lod.
576 2417 639 2477 Hic
661 2417 859 2476 constructio
875 2425 1036 2500 tamquam
1145 2487 1147 2494 ,
1164 2393 1167 2400 .

182 2516 216 2576 in
234 2514 503 2598 propositionibus
524 2509 776 2578 demonstrativis
791 2518 864 2598 quia
879 2539 942 2578 non
958 2539 1036 2601 opus

128 2638 132 2647 ¹
183 2623 231 2676 cst
245 2602 480 2677 constructione
494 2615 532 2676 ad
547 2609 778 2698 exprimendam
793 2617 859 2678 vim
873 2618 1036 2679 relativam

100 2751 110 2768 .
181 2715 299 2796 quippe
320 2708 398 2796 quae
418 2715 453 2774 in
473 2715 561 2792 (lazi,
583 2715 659 2778 dari
680 2718 782 2776 formd
802 2717 876 2797 ipsa
891 2718 967 2778 satie
987 2718 1034 2778 iu-

181 2813 281 2894 signis
301 2814 352 2874 cit.
396 2811 466 2894 Qua
486 2815 606 2875 ratione
620 2809 754 2876 fortasse
775 2814 952 2896 explicandi
962 2825 1035 2878 sunt
1073 2815 1080 2820 “

180 2911 245 2974 1οοί
268 2914 405 2994 qnidam,
430 2913 484 2974 ubi
505 2922 612 2975 noster
625 2915 659 2974 in
672 2915 890 2996 propositione
904 2915 1034 2978 relativa

182 3011 312 3075 verbum
331 3022 480 3095 tanquam
500 3013 534 3073 in
553 3013 768 3094 propositione
783 3014 1035 3076 demonstrativa

182 3112 374 3174 nominativo
403 3115 588 3196 anteposuit.
618 3115 737 3192 1x‚a‚
765 3115 805 3200 21
830 3109 866 3175 'so
888 3133 1034 3176 ramoso
1104 3097 1111 3144 1

161 3211 343 3288 craugiae
373 3213 416 3273 ist
447 3215 667 3276 undarscheit.
699 3235 731 3274 so
763 3233 852 3274 sama
884 3233 917 3274 so
949 3219 1034 3276 enim

138 3320 139 3333 ¹
181 3328 341 3390 nunquam
361 3299 639 3374 demonstrativum
664 3331 732 3373 esse
752 3305 869 3392 potest.
897 3311 923 3388 1,
943 3333 971 3391 a,
992 3315 1036 3378 20

180 3425 228 3466 nu
248 3405 281 3470 so
303 3411 502 3489 inanimati,
524 3414 610 3478 dum.
637 3411 839 3473 'Vice'vsrsa
865 3412 1034 3494 propositi·

183 3527 258 3570 ones
288 3503 548 3610 demonstrativae
576 3505 735 3575 interdum
767 3519 939 3593 sequuntur
961 3531 1033 3574 con-
