2580 4220
299 339 328 402 1.
372 335 483 398 Versio
505 343 611 397 nostra
643 354 738 416 aeque
761 357 795 396 ac
819 323 1081 404 Herenniano

221 433 433 510 interlinearis
455 435 581 516 regulae
611 435 777 496 Benedicti
800 444 831 496 et
851 438 911 498 alia
932 442 1084 522 quaedam

222 535 326 595 octavi
356 535 455 595 seculi
484 543 704 612 monumenta,-
738 535 772 594 in
794 538 893 618 capite
915 539 1083 602 verborum
1118 550 1119 556 ’

218 634 325 696 literae
354 635 542 716 compositae
576 633 632 712 h'l,
653 637 714 712 hr,
735 636 803 712 hu,
824 637 911 714 huu,
944 637 1083 700 aliteris

219 731 416 812 simplicibus
438 733 471 810 l,
493 755 530 810 r,
552 755 592 808 n,
615 756 657 793 uu
691 741 869 794 constanter
898 736 1083 818 distinguit;

221 854 317 913 quum
340 831 372 892 in
396 832 542 892 omnibus
564 833 648 892 noni
662 833 760 894 seculi
776 834 922 916 operibus
937 835 1084 896 francicis

219 931 271 992 vel
293 930 494 992 alamannicis
515 931 623 992 literae
652 933 844 1012 compositae
872 933 927 1011 hl,
947 935 1006 1011 hr,
1028 937 1083 1012 hn,

222 1029 287 1090 huu
309 1053 372 1091 non
394 1040 562 1092 occurrant
583 1031 698 1112 quippe
721 1052 798 1112 quae
820 1034 935 1115 spiritu
956 1035 1082 1096 destitu-

220 1137 270 1192 tae
293 1130 490 1212 simplicibus
512 1131 535 1207 l,
556 1153 585 1208 r,
606 1153 639 1208 n,
660 1153 702 1190 uu
724 1138 869 1212 aequales
890 1135 963 1194 sint.
1019 1183 1023 1197 .

174 1226 176 1232 ’
303 1227 349 1293 2,’
374 1231 508 1289 Dativus
530 1230 664 1310 pluralis
694 1231 788 1289 sicuti
808 1231 842 1290 in
864 1231 966 1290 octavi
987 1231 1084 1294 seculi

221 1329 432 1389 monumentis
455 1328 547 1389 litera
568 1350 600 1386 m
617 1336 796 1388 constanter
810 1329 1007 1408 terminatur,
1028 1330 1084 1392 ubi
1099 1347 1101 1351 '

221 1449 339 1488 nonum
361 1428 502 1488 seculum
523 1450 545 1486 11
566 1423 691 1488 literam
712 1425 852 1506 praebet.
1035 1407 1040 1418 ⁶

270 1571 274 1584 ·
303 1543 399 1604 Dicas
420 1545 502 1602 forte
523 1543 623 1622 priori
646 1549 833 1622 argumento
852 1543 1083 1623 ¹antiquitatem

191 1687 195 1694 =
221 1663 285 1702 non
305 1645 385 1720 satis,
400 1642 538 1725 probari,
561 1663 657 1723 quum
681 1660 784 1700 sermo
801 1642 965 1702 saxonicus
986 1661 1085 1724 usque

223 1742 257 1802 in
279 1763 396 1802 nonum
420 1743 560 1803 seculum
583 1743 713 1802 eandem
735 1741 969 1814 distinctionem
991 1745 1085 1804 firme

222 1842 406 1922 retinuerit3
423 1835 680 1922 dialectum,'n0n
695 1849 825 1902 aetatem
840 1842 913 1924 inde
926 1843 1084 1923 cognosci.

221 1943 367 2002 Attamen
389 1943 531 2000 confecta
552 1942 613 2001 suit
634 1942 738 2002 versio
772 1943 888 2002 Isidori
919 1951 1084 2022 antequam

222 2040 299 2122 ipsis
330 2039 363 2098 in
398 2038 614 2119 superioribus
649 2040 833 2100 Germaniae
864 2038 1004 2120 partibus
1039 2039 1083 2098 di-

223 2139 351 2200 stinctio
373 2139 428 2198 illa
450 2147 595 2202 cessaret.
640 2141 720 2212 Nam¹
738 2139 771 2198 in
791 2138 975 2218 fragmentis
995 2139 1083 2202 theo.

222 2239 333 2317 tiscis,
356 2238 561 2300 Vindobonae
583 2239 735 2320 repertis,
770 2257 848 2318 quae
870 2245 994 2298 nostrae
1015 2259 1083 2300 vcr-

224 2339 322 2398 sionis
342 2339 511 2420 particulas
533 2340 717 2413 continent,
747 2357 936 2418 quamquam
964 2339 998 2398 in
1019 2340 1084 2398 dia·

224 2438 307 2497 lecto
329 2438 462 2518 quadam
479 2437 649 2518 superioris
664 2437 848 2496 Germaniae
864 2435 980 2518 scripta
1001 2445 1083 2516 sunt,

226 2556 383 2596 connexus
403 2537 425 2597 h
446 2535 555 2620 literae
586 2555 657 2595 cum
689 2534 820 2615 liquidis
853 2543 885 2597 et
911 2558 954 2596 uu
983 2517 1084 2596 literis

227 2643 405 2721 constanter
428 2634 619 2696 observatur.

311 2747 489 2829 Quaeritur,
512 2758 617 2809 utrum
639 2749 753 2809 Isidori
774 2749 812 2808 de
827 2748 988 2808 nativitate
1004 2757 1085 2809 trac-

226 2857 308 2908 tatus
329 2849 477 2930 primitus
497 2848 531 2906 in
552 2848 685 2908 dialecto
705 2850 953 2926 fragmentorum
967 2847 1083 2908 Vindo-

227 2946 416 3008 bonensium
437 2947 592 3008 theotisca
606 2945 759 3020 redditus,
780 2942 852 3004 inde
867 2945 901 3003 in
915 2945 1083 3008 dialectum

228 3041 349 3107 codicis¹
362 3047 545 3106 Parisiensis
560 3045 776 3124 transcriptus,
798 3065 836 3102 an
852 3051 960 3105 contra
980 3047 1083 3108 versio

139 3133 144 3151 ³
227 3147 365 3228 primum
384 3145 418 3204 in
447 3145 549 3205 Gallia
577 3145 740 3220 contecta,
767 3143 840 3202 inde
861 3144 895 3202 in
916 3143 1084 3206 dialectum

228 3247 517 3326 fragmentoruma
545 3244 697 3324 scriptore
732 3244 868 3322 quodam
899 3244 1083 3304 cisrhenano

229 3352 347 3406 mutata
367 3345 417 3404 sit.
459 3341 714 3423 Respondemus:
728 3343 883 3422 ,Scriptor
901 3344 1084 3404 Parisiensis

230 3443 268 3504 ab
289 3443 380 3504 initio
400 3441 561 3522 usquead
580 3441 678 3506 linem
691 3461 751 3502 una
766 3443 935 3522 eademque
951 3443 1084 3504 dialecto
1154 3433 1157 3438 ³
