2580 4220
224 231 244 294 2

225 412 372 494 egregius
393 410 509 492 spiritu
530 417 639 472 sancto
668 410 806 492 repletus
837 405 1003 472 ecclesiam
1024 409 1085 472 sibi

225 512 376 572 creditam
397 517 523 570 strenue
545 509 738 590 gubernavit.
781 497 875 568 Dum'
889 511 1016 590 quidam
1038 533 1085 570 an·-

224 611 302 672 tifex
320 629 378 692 per
398 617 481 669 tecta
502 609 704 693 discurreret,
727 607 847 690 dilapso
867 611 948 691 pede
964 611 1003 669 ad
1023 619 1087 670 ter·

222 733 291 772 ram
321 710 449 770 corruit.
491 709 568 768 Mox
593 709 644 768 vir
672 709 792 768 domini
828 709 944 770 vexillo
982 711 1086 770 crucis

223 829 318 890 super
340 829 411 868 eum
432 807 606 888 inprimens
638 808 793 872 medelam
825 810 969 892 corporis
991 831 1085 890 quam

224 906 392 989 qusaerebat
414 905 582 966 obtinuit.“
626 908 763 967 Functus
791 916 840 983 est
870 917 974 969 autem
994 910 1090 969 Anias

224 1026 282 1066 nus
302 1024 430 1065 munere
453 1004 593 1086 episcopi
613 1005 850 1066 Aurelianensis
878 1006 918 1066 ab
938 1029 986 1073 an.
1010 1009 1083 1072 Chr.

222 1103 404 1179 391-458;
426 1104 497 1164 vide
514 1105 575 1164 Les
593 1103 665 1165 Vies
681 1107 737 1166 des
748 1107 868 1171 Sainrs.
900 1108 987 1168 Paris
1002 1104 1085 1175 1704

223 1204 282 1266 sub
304 1205 355 1278 die
378 1207 417 1272 17
439 1206 518 1266 Nov.
783 1214 788 1234 ‘

311 1337 426 1398 Textus
456 1336 572 1398 latinus
602 1337 696 1419 hujus
730 1340 768 1400 de
794 1339 956 1401 nativitate
978 1339 1083 1421 operis

223 1453 288 1494 non
317 1456 388 1498 raro
417 1435 454 1495 ab
484 1438 619 1498 editione
650 1440 695 1500 du
722 1439 820 1500 Breul
840 1439 971 1498 recedit.
1014 1441 1084 1500 Jam

224 1533 424 1596 collationem
444 1535 588 1596 locorum
610 1538 743 1623 maxime
766 1537 1011 1619 discrepantium
1032 1539 1084 1599 da-

222 1631 337 1693 bimus.
362 1636 454 1718 'Cap
476 1637 530 1696 111.
559 1659 684 1718 paragr.
707 1638 737 1702 7·
768 1635 864 1698 verba
893 1635 1012 1698 codicis
1043 1641 1085 1700 de

223 1755 282 1814 quo
305 1733 396 1794 adet
419 1751 449 1795 te
469 1717 559 1796 Deus
586 1735 619 1794 in
650 1735 786 1795 editione
819 1723 962 1797 desunt.-
985 1739 1085 1822 Caput

223 1833 368 1918 quintum
384 1835 529 1896 editionis
550 1844 664 1914 totum,
686 1835 736 1904 cui
756 1838 1002 1920 superscriptum
1019 1847 1083 1899 cst:

223 1933 317 2016 Quod
347 1953 418 1995 cum
446 1942 534 2016 patre
558 1936 694 2026 ‘genitus
718 1943 775 2012 est,
797 1932 830 1994 in
854 1935 962 1998 codice
983 1937 1081 2014 deest,

223 2033 312 2114 cujus
335 2043 426 2116 caput
449 2035 594 2117 quintum
616 2031 764 2096 editionis
785 2044 905 2096 sextum
921 2043 975 2098 est.
1008 2035 1082 2096 Edi·

220 2133 316 2195 tionis
338 2141 430 2214 caput
452 2134 620 2214 septimum
641 2131 848 2214 inscriptum:
872 2135 910 2194 de
931 2133 1083 2196 ineffabili

222 2220 354 2297 nomine
376 2237 451 2296 Jesu
482 2235 650 2315 respondet
679 2233 832 2314 capitibus
856 2231 974 2294 codicis
996 2242 1083 2295 sexto
1192 2293 1194 2300 ,

223 2343 254 2398 et
275 2335 409 2418 septimp
432 2341 462 2394 et
483 2341 605 2410 octavo,
628 2353 763 2414 quorum
786 2330 870 2392 tituli
891 2333 925 2392 in
946 2333 1083 2394 editione
1134 2413 1137 2416 Ι

223 2437 322 2498 textui
342 2434 451 2495 inserti
474 2433 629 2514 leguntur,
673 2433 709 2491 In
731 2431 830 2512 capite
846 2441 956 2495 octavo
973 2435 1082 2496 editio·

223 2535 296 2608 nis,
331 2555 414 2594 nono
436 2531 571 2608 codicis,
600 2533 683 2590 inter
712 2533 900 2614 paragraphi
931 2533 1083 2593 secundae
1164 2562 1169 2572 ¹

221 2632 318 2696 verba
349 2631 555 2693 suscitandus
587 2637 617 2690 et
639 2629 760 2710 dequo
792 2650 849 2710 per
882 2629 1083 2692 Hieremiam

223 2732 322 2792 codex
356 2712 476 2792 multos¹
502 2729 650 2790 editionis
680 2717 789 2791 versus
822 2732 949 2792 omittit.
993 2732 1082 2792 Para-

223 2831 362 2913 graphus
391 2827 646 2912 quinta.codicis
676 2829 709 2889 in
739 2829 874 2892 editione
904 2831 1031 2898 tertiam
1052 2839 1083 2890 et

224 2938 367 3014 quartam
390 2928 508 2989 codicis
525 2929 687 2989 antecedit.
737 2930 872 3010 Reiiqua
887 2931 1083 3012 capita-non

181 3089 187 3096 .
223 3030 378 3093 theotisca
399 3028 532 3104 reddita,
547 3049 617 3104 non
640 3029 769 3090 contuli.

308 3153 473 3241 Scriptura
495 3159 614 3220 codicis
646 3180 682 3220 ea
715 3166 763 3222 est
791 3179 886 3242 quam
918 3158 1082 3222 Mabillon.

225 3257 477 3336 merovingicam
506 3249 664 3330 nominat,
696 3257 784 3338 cujus
815 3258 956 3341 exempla
988 3268 1020 3319 et
1048 3279 1084 3320 ex

224 3357 387 3420 codicibus
422 3365 453 3420 et
484 3377 521 3418 ex
552 3358 747 3420 documentis
778 3357 829 3420 vel
861 3357 1083 3440 diplomatibus
1148 3417 1150 3420 ,
1226 3403 1229 3412 ,

224 3461 388 3543 depromta
399 3457 478 3518 'vide
493 3459 527 3518 in
547 3457 688 3537 ejusdem
709 3461 749 3520 dc
770 3478 805 3520 re
826 3459 1034 3538 diplomatica
1053 3468 1084 3518 et

194 3561 198 3566 ’
226 3563 260 3622 in
275 3559 440 3622 amborum
456 3559 589 3641 fratrum
606 3560 726 3620 ordinis
741 3559 906 3622 Benedicti
927 3559 1082 3648 Nouvcau
