2580 4220
531 381 615 496 ro.
632 414 725 510 ‘xnr
745 431 776 494 o.

239 596 529 661 adbreviata-sunt
549 619 643 682 super
662 602 815 685 populum
831 611 923 664 tuum
951 593 984 664 et
1003 623 1098 688 super

238 706 351 769 urbem
372 715 511 769 sanctam
531 715 636 786 tuam,
656 717 693 770 ut
713 717 914 771 consumetur
939 712 1096 793 praevari-

238 815 339 893 catio,
371 823 403 876 et
430 815 525 877 finem
548 817 681 898 accipiat
699 823 884 898 peccatum,
906 825 937 880 et
957 819 1097 882 deleatur
1189 849 1193 854 ·

166 997 168 1005 ἢ
232 921 408 1005 ,ἱηίᾳιιίῑαι,
442 931 473 986 et
493 924 672 986 -adducatur
690 922 1044 1008 justitia‘sempiterna,
1067 937 1098 990 et

236 1030 430 1114 impleantur
446 1032 528 1094 visio
550 1041 582 1096 et
600 1033 784 1116 prophetiae
806 1041 838 1117 et
855 1043 988 1116 ungatur
1009 1055 1103 1097 sarre-x
1155 1017 1157 1027 Α

237 1147 288 1202 tus
308 1149 497 1205 sanctorum.
751 1205 752 1210 ,

320 1250 357 1329 §.'
372 1249 405 1316 6.
448 1245 536 1331 Quae
557 1245 891 1332 scilieetseptuagints
904 1247 1092 1313 ebdomadae

237 1361 266 1422 si
287 1381 304 1421 a
324 1370 467 1445 tempore
487 1361 630 1423 Danielis
652 1367 883 1438 enumerentur,
907 1361 1021 1444 procul
1041 1361 1097 1422 dn·
1130 1346 1133 1350 ⁴

215 1467 291 1550 ‘bio
313 1469 446 1532 Sanctus
469 1469 657 1529 Sanctorum
675 1468 834 1528 Dominus
848 1469 939 1529 lesus
955 1469 1097 1530 Christus

237 1577 316 1639 olim
336 1578 460 1640 venisse
480 1569 691 1659 cognoscitur.
722 1575 947 1638 Hebdomadae
961 1599 1097 1660 namque

236 1687 271 1748 in
303 1687 402 1748 saeris
437 1687 572 1769 eloquiis
587 1695 725 1770 :septem
758 1687 846 1748 anuis
877 1687 1098 1763 terminantur,

238 1794 361 1857 dicente
382 1793 524 1857 Domino
546 1795 585 1856 ad
605 1796 758 1878 Moysen:
794 1793 904 1869 (Levit,
927 1793 979 1868 95)
1002 1795 1096 1856 Num·

237 1901 340 1964 arabis
361 1901 421 1963 tibi
442 1911 562 1986 septem
591 1900 792 1964 ebdomades
813 1903 978 1962 annorum'
995 1902 1029 1962 id
1050 1912 1097 1964 est

235 2012 364 2094 septies*
384 2019 527 2092 septem,
559 2030 638 2093 quae
668 2009 763 2071 simul
783 1989 903 2070 faciunt
923 2029 1019 2070 annos
1041 2009 1095 2070 XL

239 2102 271 2182 et
290 2121 348 2184 1x.
392 2122 585 2201 dtempore
616 2119 723 2200 itaque
752 2117 895 2194 Danielis
924 2117 1093 2202 prophetae

238 2247 338 2310 usque
359 2227 565 2309 adpraesens
585 2234 710 2308 tempus
728 2225 800 2308 plus

273 2571 328 2623 lin.
348 2572 389 2630 11.
407 2570 495 2622 dhozs
514 2571 675 2624 delendum
695 2585 755 2624 esse
770 2568 888 2640 punctis
905 2567 992 2622 trinis
1006 2581 1094 2635 supra

338 2677 370 2720 et
387 2667 466 2720 infra
484 2667 590 2739 positis
608 2667 770 2722 indicatur.

273 2761 326 2820 lin.
346 2767 391 2821 20.
413 2765 490 2814 icaro
510 2763 590 2816 intra
609 2763 703 2818 lineas
722 2764 865 2835 scriptum
883 2761 977 2816 scriba
994 2776 1096 2816 marsus

338 2859 460 2914 eradere
479 2859 583 2920 voluit,
