2580 4220
123 317 125 328 .
231 229 274 296 ⁵6

522 400 525 409 ¹
549 411 616 477 Ful.
639 411 727 490 xffl,
749 433 774 476 a.
811 475 815 483 ‚

232 578 432 663 prophetiam
464 577 637 642 nativitatis
669 575 737 658 ejus
768 577 920 655 audiunt,
953 531 1095 642 conclusi

233 690 309 751 dum
330 710 396 750 non
420 686 555 763 babeant
585 687 672 769 quud
698 694 901 769 proponant,
929 705 1093 768 argumen-

133 783 135 798 '
230 806 338 860 tantur
358 795 516 858 diceutes:
549 795 684 863 necdum
704 795 830 858 venisse
850 795 1034 871 Christum,
1055 795 1094 856 de

234 926 297 988 quo
328 904 545 966 haecomnia
579 923 633 965 cre
672 903 899 985 prophetarum
932 903 1095 986 praesagia

233 1012 423 1076 cecinerunt.
469 1011 663 1094 Quaeramus
683 1030 762 1092 ergo
782 1017 906 1092 tempus
921 1011 1095 1084 nativitatis

234 1120 370 1197 Clnisti,
399 1127 508 1182 utrum
528 1119 593 1201 jam
615 1094 792 1198 advenerit,
813 1142 858 1186 an
872 1129 1022 1184 venturus
1043 1122 1094 1184 ad·

232 1228 295 1288 huc
331 1235 519 1310 expectetur.
575 1231 613 1288 In
645 1227 802 1290 Danihele
835 1228 936 1310 igitur
969 1237 1094 1311 tempus

234 1335 385 1398 adventus
416 1333 484 1416 ejus
517 1335 693 1398 certissime
727 1337 925 1413 ostenditur,
958 1347 991 1402 et
1023 1340 1096 1400 anui

166 1437 168 1442 ’
234 1453 459 1523 numerantur,
480 1453 513 1506 et
531 1435 698 1506 inmite-sta
717 1445 808 1526 signa
836 1443 904 1524 ejus
925 1449 1093 1528 pronunci-

234 1561 344 1629 antur,
367 1561 492 1636 etpost
516 1553 685 1616 adventum
714 1551 782 1633 ejus
804 1561 848 1614 et.
864 1563 938 1636 pust
957 1565 1095 1618 mortem

235 1665 341 1724 futura
359 1663 552 1724 ludaeorum
571 1663 692 1724 excidia
710 1660 758 1722 ibi
787 1663 966 1725 certissime
997 1667 1095 1726 mani·

234 1773 400 1847 testantur,
421 1771 468 1832 sic
482 1771 621 1832 enimait
632 1771 673 1832 art
682 1791 755 1832 eum
766 1773 922 1853 Angelus:
945 1773 1095 1850 (Dantt.)
1122 1762 1124 1766 ¹

234 1877 351 1940 Daniel
363 1877 491 1940 adverte
506 1897 697 1960 sermenem,
717 1887 753 1942 et
765 1878 911 1962 intellige
929 1871 1106 1944 visionem.¹
1199 1885 1203 1896 ’

235 1985 442 2070 Septuaginta
461 1986 664 2085 ebdomadae,

272 2310 327 2370 liu.
346 2312 390 2368 13.
426 2311 577 2382 aratiam,
611 2327 722 2366 omues.
767 2313 831 2382 Ego
862 2313 893 2364 iu
925 2313 1094 2384 apographo

337 2402 514 2472 scripseram
549 2405 719 2470 arroensis,
745 2421 812 2458 cum
839 2409 1032 2464 cunctatione
1062 2425 1095 2460 ac

340 2495 461 2550 literam
478 2495 635 2568 perspicue
655 2497 707 2552 sed
731 2497 878 2552 minorem
903 2517 994 2571 quam
1021 2502 1097 2552 solet

337 2589 446 2660 pictam
466 2606 540 2648 esse.
1022 2587 1025 2594 ’
