2588 4240
862 293 864 300 ¹
975 275 1036 342 147
1111 253 1129 281 “’

178 449 349 525 rusticio,
372 451 456 534 quod
472 449 749 532 Grimntcorrigtt
769 453 803 512 iu
825 451 1036 515 udalticlcern.

179 551 243 614 Nec
273 571 338 612 11011
366 549 537 611 notandum
566 555 613 609 est
634 550 672 628 1,
703 550 868 616 lstimmi
896 571 1037 628 ercanga-

134 716 137 723 ,
179 651 395 727 tisceru.V11‚
417 651 436 715 7
457 647 568 708 sineru
588 646 710 707 stimmi
729 649 925 716 colummae.
948 653 1035 727 xlx,
1120 707 1125 714 ,

180 753 222 818 10
242 750 365 810 scimmi
385 747 522 831 sprictic
542 747 753 808 tuamorrerut
785 747 848 810 Nec
864 752 957 814 facile
972 771 1036 814 cre·

181 853 318 914 deudm
339 857 399 924 eat,
421 848 516 910 etiam
537 847 699 910 Otiridurn
719 847 754 908 in
773 847 873 910 locis:
895 849 983 912 uuiti
1002 851 1038 910 ih
1069 897 1076 905 .
1099 862 1101 870 ’

182 950 311 1011 scribare
330 965 427 1008 unser
447 945 512 1008 heiz
532 947 566 1007 in
578 945 754 1030 frenkisga
768 965 922 1024 zungrcn3
945 955 977 1009 ct
997 949 1038 1010 ist

183 1051 255 1110 alter
277 1049 311 1108 in
332 1048 380 1108 iro
400 1048 488 1108 tante
503 1046 671 1127 flrncmon
691 1039 732 1106 iz'
746 1045 781 1106 ni
808 1047 911 1110 kanni
922 1093 932 1126 ‚
965 1049 1038 1110 latur

183 1151 242 1210 hor
262 1169 299 1211 er
320 1147 349 1209 t'o
370 1149 405 1208 zi
423 1121 540 1226 guarel
555 1169 643 1208 ratcoz
655 1161 713 1227 got
726 1148 789 1209 imo
801 1147 939 1231 gibinus,
962 1149 1040 1212 ῑῙιαεΙ

184 1249 259 1309 uuir
281 1247 345 1310 imo
363 1247 436 1312 lziar
456 1249 622 1326 gisongan
643 1248 679 1308 in
698 1247 876 1330 frankisga
905 1270 1039 1328 zungun

146 1334 148 1340 ¹
185 1357 216 1412 et
237 1357 313 1415 caet.
336 1349 602 1432 praepositionem
623 1349 658 1410 in
682 1369 753 1409 cum
765 1351 951 1418 Accusativo
972 1349 1039 1430 jun·

185 1449 276 1511 nisse.
321 1450 384 1510 Sed
406 1447 522 1514 cavebo
543 1467 583 1510 ue
610 1447 763 1531 reliquiae
792 1451 1040 1512 instrumentalis

185 1549 409 1616 femininorum
436 1550 470 1608 in
496 1549 546 1609 his
577 1550 708 1610 serioris
738 1550 848 1611 aetatis
878 1549 1039 1612 autoribus

186 1667 250 1708 non
268 1635 360 1710 facile
381 1647 614 1730 cognoscendae
631 1649 863 1729 indagationem
878 1649 958 1710 ultra
973 1670 1040 1709 mo·
1119 1695 1122 1701 .

188 1749 262 1808 dum
284 1749 475 1828 protrahant.

130 1979 155 2014 κ
189 1905 457 2008 Propositioncs
484 1906 647 1979 relativae
671 1928 706 1979 et
734 1905 1040 2008 demonstrativae.

270 2043 307 2102 In
326 2041 441 2124 quibus
474 2043 592 2126 linguis
625 2040 860 2122 conjunctiones
895 2041 1043 2105 adverbia

190 2149 222 2202 et
247 2143 434 2224 pronomina
448 2167 450 2172 ·
465 2140 710 2204 demonstrativa
736 2142 806 2224 ipsi
833 2143 935 2202 forma
962 2141 1042 2205 bene

148 2293 154 2298 .
189 2235 394 2321 sejunguntur
415 2261 433 2301 a
451 2239 601 2316 relativis,
623 2241 657 2300 in
671 2241 711 2302 iis
725 2239 806 2302 nildl
825 2240 959 2322 impedit
978 2258 1043 2324 qno

188 2339 293 2400 miuus
315 2339 508 2401 constructio
523 2339 777 2424 propositionum
798 2347 829 2401 et
851 2341 1041 2402 demonstra-

189 2439 325 2500 tivsmm
346 2447 378 2500 ct
404 2439 605 2502 relativarum
633 2461 694 2500 uns
723 2439 894 2521 eademque
922 2441 981 2517 sit;
1010 2441 1044 2500 in
1070 2477 1072 2482 -

189 2539 230 2600 iis
263 2561 338 2601 vero
373 2539 513 2622 linguis,
545 2560 681 2622 quorum
714 2539 866 2602 vocabula
895 2540 950 2602 illa
980 2561 1044 2601 non

189 2639 371 2701 diversitate
403 2641 523 2700 tonnae
555 2647 776 2713 secernuntur,
811 2639 1044 2701 constructione

193 2747 319 2820 oportet
337 2739 386 2801 vis
413 2739 639 2822 propositionis
672 2747 724 2800 aut
755 2739 885 2801 relativa
912 2745 965 2800 aut
991 2738 1044 2798 de·
1107 2787 1111 2797 ,

193 2841 398 2902 monstrativa
428 2839 584 2903 doceatur.
637 2839 772 2900 Gothica
802 2839 930 2921 lingua,
965 2855 1045 2920 quae

193 2937 323 3002 relativa
344 2946 374 3000 et
396 2937 638 2999 demonstrativa
661 2938 778 3020 optime
806 2937 988 3019 distinguit,
1010 2938 1044 2996 in

196 3037 412 3098 construendis
432 3035 702 3120 propositionibus
724 3029 834 3098 omnes
852 3039 917 3097 fere
938 3035 1044 3117 graeci

195 3137 349 3198 sermonis
381 3146 485 3199 motus
517 3137 748 3203 accuratissime
779 3136 898 3196 imitari
929 3141 1044 3218 potest,

19 3235 21 3278 ἰ
88 3313 91 3316 ¹
196 3253 252 3295 nec
278 3237 359 3297 than
380 3256 459 3320 quse
480 3237 546 3300 sola
569 3236 748 3316 conjunctio
762 3235 829 3298 sine
844 3235 910 3297 ullo
924 3231 1044 3295 formae

197 3333 379 3398 discrimine
413 3339 478 3399 vim
512 3337 674 3400 relativam
706 3343 737 3398 et
773 3335 1047 3398 demonstrativam

197 3429 291 3492 habet
310 3442 434 3496 vertens
454 3443 486 3496 ct
507 3433 560 3499 ica
581 3443 613 3496 et
632 3433 717 3510 cicc,
741 3433 917 3496 confusioni
940 3448 1046 3494 ansam

197 3530 345 3611 praebere
366 3542 469 3615 potest
490 3556 680 3617 quamquam
700 3533 891 3595 constructio
906 3531 986 3592 nihil
1008 3549 1044 3590 co

730 3671 744 3725 ἓ
780 3679 847 3746 10*
