2580 4220
421 1224 423 1229 ·
476 1172 775 1288 prolegomena.

279 1487 384 1553 Codex
403 1489 487 1558 2326
506 1487 717 1554 bibliothecae
745 1495 850 1576 regiae
872 1483 1055 1567 parisiensis

194 1589 357 1652 eontinet:

276 1691 306 1756 1.
338 1687 456 1750 Isidori
483 1687 681 1772 Hispalensis
712 1689 751 1750 ad
770 1691 983 1753 Florentinam
1006 1715 1054 1752 so·
1075 1680 1106 1686 '¹

192 1807 299 1848 rorem
327 1787 494 1870 epistolam
524 1805 603 1869 quae
638 1789 776 1850 occurrit
809 1792 843 1852 in
864 1785 1056 1852 editionibus

106 1907 128 1928 -·
193 1884 252 1948 sub
273 1887 422 1946 nomine:
445 1885 484 1946 de
504 1887 666 1948 nativitate
686 1887 837 1967 Domini,
857 1891 1002 1972 passione
1024 1895 1056 1951 et

190 1985 437 2061 resurrectione,
459 2004 558 2066 regno
580 1992 671 2066 atque
692 1985 823 2066 judicio,

275 2086 305 2150 2.
338 2082 479 2164 ejusdem
509 2081 626 2164 librum
656 2085 694 2146 de
722 2084 862 2168 gentium
891 2087 1055 2150 vocatione

193 2179 232 2244 ad
255 2183 399 2260 eandem,
984 2181 985 2187 '

274 2287 303 2349 3.
325 2283 421 2346 breve
443 2282 601 2364 quoddam
622 2279 811 2363 glossarium
825 2282 968 2358 latinum,

274 2378 305 2446 ll.
327 2383 361 2440 in
395 2390 529 2463 quatuor
559 2381 683 2464 paginis
718 2379 886 2462 postremis
922 2402 1054 2464 parvum

191 2477 230 2540 du
263 2477 417 2540 Trinitate
450 2480 636 2564 opuseulum
666 2480 840 2562 incipiens:
883 2492 993 2542 aurum
1023 2488 1054 2542 et

191 2575 327 2660 pecunia
349 2600 412 2638 non
433 2587 481 2640 est
501 2599 636 2641 meeum.

275 2676 388 2738 Primo
412 2678 523 2758 operi,
554 2678 639 2760 quod
667 2695 811 2738 maneum
833 2679 881 2738 est
903 2699 920 2738 a
942 2677 1055 2760 capite,
1169 2721 1182 2741 .-

191 2774 225 2833 in
245 2775 359 2856 viginti
388 2776 509 2838 duobus
542 2777 629 2838 foliis
658 2773 818 2858 prioribus
840 2777 944 2839 versio
965 2777 1053 2838 theo·

189 2873 269 2933 tissa
298 2875 336 2934 ad
365 2875 446 2936 latus
475 2873 632 2956 adscripta
662 2882 729 2950 est;
756 2877 795 2934 'in
828 2875 936 2938 multis
966 2875 1053 2937 foliis

170 2973 394 3054 ‚sequentibus
423 2975 560 3056 spatium
592 2973 738 3034 relictum
771 2981 836 3052 est,
869 2975 920 3036 eni
947 2976 1051 3038 versio

189 3071 321 3132 inscribi
340 3072 472 3134 debebat
486 3073 616 3156 pigritia
637 3069 759 3139 scribae
780 3073 907 3152 omissa,
928 3083 1053 3156 praeter

189 3171 261 3232 folii
281 3172 426 3234 vicesimi
447 3174 550 3254 quinti
577 3174 723 3255 paginam
753 3173 883 3236 alteram
903 3173 958 3236 uhi
977 3173 1050 3236 loco

189 3270 344 3332 versionis
364 3272 426 3332 hoc
447 3291 560 3354 poema
573 3263 690 3333 notulis
711 3272 840 3335 musicis
862 3273 1051 3334 instructum

189 3371 364 3452 reperitur:
388 3371 546 3446 „Anianus
569 3371 798 3433 aurelianorum
825 3373 967 3452 pontifex
988 3373 1048 3435 ela·

188 3485 243 3525 rus
271 3466 359 3528 stetit
390 3467 426 3525 in
455 3465 638 3532 virtutibus.¹
679 3467 794 3530 Beatus
821 3469 952 3538 *anianus
986 3469 1050 3550 epi·

47 3573 50 3578 ·
91 3605 93 3610 -
189 3583 304 3646 scopus
326 3565 548 3630 aurelianensis
564 3568 689 3632 civitate
705 3567 823 3632 electus
843 3574 952 3649 pastor
972 3586 1048 3630 vero

826 3667 844 3730 1
