2580 4220
1052 254 1071 318 7

145 503 148 507 ,
205 458 279 504 eum
310 437 388 504 intre
418 437 660 515 interpretatum
690 450 758 499 esse
778 465 820 480 -
841 424 928 514 quod
955 435 1069 500 isidori

205 544 375 607 tractatum
397 534 506 600 attinet
525 565 568 581 *-
588 531 718 598 omnino
740 529 985 597 subemibamue.

284 639 501 702 veneramen
529 631 621 698 uobis
658 631 785 713 quidem
806 632 897 714 perri
916 633 1070 704 momenti

205 745 266 812 eet,
285 735 365 802 bene
386 733 511 800 mulene
534 731 706 796 translator
726 732 760 814 iu
782 731 931 814 operibus
964 733 1070 802 latiuis

204 835 449 918 interpretandis
471 841 611 900 versutus
633 833 685 910 sit,
707 832 745 893 iu
760 831 876 904 solunt,
894 841 1002 928 nostra
1021 834 1067 897 iu-

160 991 165 996 .
205 945 304 1002 temet
323 969 341 1014 ,·
364 933 539 1018 quemlihet
570 953 725 1008 sensum,
756 931 875 1012 frustum
902 939 1072 1016 pruvutnre

205 1039 315 1119 Bogus
328 1034 501 1100 ,vernaculi
521 1031 613 1094 beno
633 1033 829 1111 reddiderit,
851 1018 958 1098 neone}
971 1031 1071 1104 fNon

206 1137 387 1219 quaerimus
405 1151 572 1201 sousumne
590 1131 682 1194 dooto
700 1131 830 1207 eruerit,
850 1133 907 1194 sed
924 1147 962 1194 un
983 1132 1071 1198 theo-

205 1239 285 1300 tisee
305 1236 427 1304 dixerit.
464 1235 551 1298 Haec
570 1240 617 1293 est
632 1231 711 1304 laus,
735 1234 931 1312 quaestores
947 1239 1073 1297 nostros

205 1335 407 1400 translatores
437 1335 504 1397 inte
545 1351 596 1397 res
630 1331 744 1395 Isidori
784 1330 885 1393 mutto
920 1339 1065 1412 praestet
1138 1401 1141 1410 Α

206 1437 297 1496 Num
313 1435 427 1498 meteri
447 1441 568 1498 textum
599 1409 749 1507 leiinum
755 1431 804 1495 sd
833 1429 928 1496 verbu
949 1431 1073 1512 singule

207 1543 399 1617 sequuntur,
434 1555 497 1593 ιιοιι
529 1553 601 1592 raro
633 1531 736 1613 ipsam
757 1530 985 1596 vocabulorum
1007 1534 1070 1595 ior·

206 1637 378 1707 mationem
398 1636 557 1696 imitantes
579 1641 610 1694 et
631 1649 747 1714 genere
766 1631 843 1694 adso
859 1651 1104 1714 numerosque

207 1735 247 1794 ad
267 1757 359 1796 usum
380 1735 512 1796 latinum
534 1740 713 1808 mutantes,
734 1732 778 1790 ita
798 1738 834 1790 ut
854 1741 977 1792 summd
996 1752 1110 1814 pru
1091 1687 1111 1770 i,

207 1833 313 1894 dentis
335 1843 366 1896 ot
394 1833 676 1914 circumspectione
703 1829 764 1890 tibi
787 1851 866 1914 opus
887 1832 929 1892 sit
951 1851 988 1892 ex
1007 1786 1105 1892 illisi

206 1953 314 1996 veram
336 1933 458 2014 antiqui
480 1933 633 1993 se1monis
657 1933 890 2012 grammaticen
912 1938 963 1991 eut
983 1950 1073 1992 verus

206 2033 378 2096 verborum
392 2032 605 2096 ‚formationes
627 2038 657 2091 et
692 2029 935 2111 significationes
966 2031 1074 2112 depre

207 2133 367 2210 hensuro,
387 2130 613 2214 particularum
636 2137 740 2190 eutem
762 2130 809 2190 vis
840 2137 870 2189 et
891 2150 977 2208 usus,
999 2151 1072 2190 con·

209 2233 331 2294 secutio
352 2232 522 2293 verborum
539 2238 568 2290 st
584 2237 740 2289 st1uotura
760 2227 974 2310 periodorum,
996 2248 1072 2287 num

209 2332 382 2392 theotiscae
415 2331 538 2411 linguae
568 2328 696 2410 propria
721 2335 751 2386 et
772 2334 842 2408 apta
871 2326 984 2402 fuerit,
1007 2345 1073 2385 om-

146 2469 149 2476 ,
208 2429 284 2488 nino
307 2448 371 2487 non
401 2429 585 2510 comperias.
629 2428 742 2486 Noster
777 2434 885 2486 contra
917 2425 1146 2512 interpres
1104 2462 1190 2476 -ψ-

210 2527 445 2608 antiquissimus
473 2547 631 2607 nunquam
663 2512 864 2586 vernaculum
894 2544 1071 2586 sermonem

210 2627 319 2688 alienis
351 2626 449 2686 frenis
473 2645 582 2706 capere
613 2634 741 2686 coriatus
771 2632 829 2699 est,
850 2645 1004 2706 nusquam
1025 2625 1073 2684 in·

61 2745 65 2756 ·
173 2748 177 2752 ·
211 2748 335 2788 cessum
355 2728 520 2809 proprium
543 2727 668 2808 linguae
690 2725 888 2806 germanicae
910 2726 948 2785 ud
972 2745 1072 2786 exem-

210 2827 280 2908 plar
300 2826 412 2888 latinae
434 2827 577 2903 mutavit,
599 2846 655 2885 nec
678 2827 811 2890 alienam
832 2826 935 2906 tegern
955 2827 1074 2887 invitae

210 2926 371 3008 imposuit.
409 2926 525 2985 Reddit
540 2946 638 2984 unum
652 2917 839 2985 vocabulum
857 2923 988 3002 duobus,
1011 2926 1073 2985 duo

212 3047 294 3096 uno,
312 3015 444 3085 'omittit
474 3023 626 3099 verbum,
658 3023 742 3082 addit
764 3023 868 3099 aliud,
899 3024 963 3083 imo
984 3024 1075 3105 plura
1142 3017 1147 3023 ’

213 3123 973 3205 (xV111,b,1.heilegugheistu,111,a,t
995 3124 1074 3184 dhea

213 3221 498 3295 uuehiluubendun,
521 3224 576 3298 XI,
596 3221 630 3299 b,
653 3224 701 3288 13.
672 3243 795 3304 quis
810 3222 870 3282 1ste
885 3245 952 3298 vn·
974 3224 1076 3284 huuer

214 3323 257 3384 ist
278 3323 400 3382 dhonne
423 3324 516 3383 dhese
538 3343 612 3382 men
634 3322 712 3382 dhe1
732 3321 810 3382 dher
832 3323 943 3383 seoldii
967 3309 1074 3384 chiiro·

113 3495 117 3502 ²
161 3422 165 3430 ’
215 3443 271 3482 rau
290 3424 448 3497 uuerdan,
471 3429 528 3483 etc.
554 3423 626 3497 etc.)
660 3442 755 3480 unum
775 3423 942 3504 periodum
964 3423 1076 3483 dividit

219 3523 251 3584 in
285 3523 359 3585 dues
394 3520 790 3600 (x11,b,91etc.erc.)
826 3523 1077 3584 constructiones
1172 3510 1174 3516 ⁵
