2580 4220
967 313 969 316 ,
1034 194 1070 302 *a

211 411 336 482 Troiad.
379 409 578 497 Supersedeo
599 407 702 494 ampla
730 410 902 494 scripturae
930 416 1068 501 descrip.

206 519 292 580 tione
314 515 365 578 vel
387 498 536 574 faesimili
549 507 720 588 iaciendo,
743 531 841 592 quum
863 511 967 574 omnia
989 523 1068 596 quae

206 615 357 698 exemplis
387 621 418 674 et
448 607 707 702 explicationibus
741 611 877 672 editores
899 611 1067 694 Fragmen-

205 695 313 777 torum
342 711 573 775 theotiscorum
601 731 702 792 nuper
731 707 935 772 vindobonae
963 733 1068 800 reper7

206 817 313 877 torum
335 815 372 874 de
394 833 522 874 suorum
537 810 688 871 foliorum
706 809 808 871 literis
824 811 1007 890 docuerunt,
1030 815 1068 875 de

207 917 308 977 nostri
343 931 469 996 quoque
507 911 624 972 codicis
659 911 814 992 scriptura
850 911 933 972 dieta
968 916 1069 976 videri

107 1001 109 1010 ¹
205 1017 366 1098 possint·
383 1013 468 1074 Adde
498 1019 603 1071 tamen
632 1009 757 1072 literam
780 1011 814 1094 L
834 1017 938 1075 :t'
929 1038 963 1076 m
991 1037 1068 1078 voce

206 1112 480 1228 fyrodhantnle,
506 1105 814 1188 a,1ll(cf.Mabill
832 1113 866 1178 P.
881 1109 943 1180 349
958 1136 1069 1176 vocem

206 1221 339 1297 possunt
374 1211 408 1270 in
441 1175 600 1270 lascimili
628 1230 665 1270 ex
698 1211 859 1272 Gennadio
893 1213 1071 1288 corbeiensi
1167 1261 1191 1293 a,

206 1333 301 1395 quem
324 1311 408 1371 circa
430 1329 593 1370 annums
617 1311 678 1376 700
700 1319 857 1372 exaratum
888 1316 1004 1387 censet)
1038 1325 1070 1376 et
1102 1340 1107 1350 ι
1198 1343 1200 1354 ·

207 1411 439 1473 abbreviaturas
462 1409 515 1491 Υ),
537 1403 580 1475 Ὺ»
595 1433 639 1466 z:
658 1430 716 1488 ap,
744 1433 794 1470 am
826 1428 902 1493 quas
923 1435 987 1474 non
1007 1413 1070 1476 nisi

206 1513 241 1574 in
262 1511 423 1573 codicibus
446 1519 476 1572 et
498 1509 721 1592 diplomatibus
736 1500 963 1594 Merovingicis
983 1515 1069 1577 inve-

207 1613 276 1672 nire
298 1612 440 1673 memini.
483 1609 586 1693 Quam
602 1609 643 1670 ob
657 1631 726 1670 rem
739 1609 820 1669 mihi
835 1611 962 1692 quidem
977 1613 1069 1675 initio

206 1712 306 1773 seculi
326 1711 442 1772 'octavi
469 1711 503 1770 in
539 1709 640 1772 Gallia
672 1712 817 1784 (sortasse
838 1713 1009 1792 Aureliani,
1042 1714 1070 1776 si

207 1809 364 1872 canticum
386 1809 466 1871 illud
486 1811 521 1868 in
541 1807 627 1868 beati
648 1811 761 1869 Anioni
786 1805 921 1890 gloriam
941 1833 1000 1894 pro
1023 1836 1069 1876 ar·

207 1915 357 1989 gumento
379 1907 495 1967 babere
516 1928 581 1966 non
600 1913 739 1983 recusas)
772 1911 869 1970 codex
896 1920 1005 1973 noster
1024 1915 1069 1974 vi-

191 2009 300 2068 .detur
326 2013 470 2067 exaratus
506 2023 593 2082 esse3
625 1995 720 2088 quem
753 2004 866 2096 qnibns
896 2012 1071 2074 rationibus

206 2106 352 2169 suffultus
380 2106 596 2168 Lachmannus
625 2105 707 2184 (vid.
736 2107 835 2168 Wilh.
863 2107 1071 2194 Wakernagel

206 2207 417 2270 altdeutsches
436 2197 716 2281 Lesebucls'XllI.)
739 2227 829 2291 secus
846 2229 880 2271 ac
897 2211 1071 2273 Grimmius
1179 2225 1188 2238 ‘

209 2309 327 2384 (Gram.
343 2309 368 2372 l.
387 2307 471 2368 Edit.
487 2307 512 2369 I.
534 2307 568 2370 P.
583 2307 658 2377 ΠΙ.)
681 2329 764 2368 nono
787 2311 894 2372 seculo
917 2313 1070 2394 scriptum

207 2427 275 2470 esse
291 2407 378 2482 velit,
398 2405 491 2488 plane
505 2406 624 2482 nescio,
647 2427 745 2487 quum
756 2425 815 2468 neo
832 2411 986 2490 separatio
1001 2432 1068 2472 ver-

207 2506 322 2568 borum
345 2507 413 2578 (nec
436 2523 471 2564 ea
500 2504 618 2586 ubique
642 2507 848 2587 exsequitur,
882 2510 1070 2592 saepiusque

120 2614 122 2618 ’
208 2605 349 2688 singulae
371 2603 508 2688 syllabae
537 2603 754 2687 sejunguntur)
783 2625 841 2667 nec
870 2629 945 2670 usus
974 2610 1069 2672 inter·

209 2707 415 2788 punctionum
438 2707 542 2784 (saepe
565 2705 602 2763 ad
623 2703 756 2786 syllabas
779 2705 855 2767 adeo
878 2705 1069 2792 distinguen-

208 2807 263 2872 das
279 2804 501 2880 adhibitorum)
522 2801 662 2865 scendum
678 2811 787 2865 octavo
803 2808 1070 2887 posteriusstatui

207 2903 335 2983 jubeat,
367 2903 493 2984 linguae
524 2921 601 2964 vero
629 2911 818 2964 structuram
849 2927 942 2987 quarn
964 2911 1068 2970 versio
1095 2927 1104 2947 ²

135 3085 139 3092 J
209 3003 328 3065 codicis
348 3002 506 3084 praebeat,
527 3001 628 3064 multo
649 3003 853 3065 vetustiorem
881 3027 952 3080 esse
974 3029 1068 3091 quam

111 3113 114 3120 '
209 3123 290 3185 quae
310 3103 344 3162 in
360 3101 465 3163 vseonli
485 3103 561 3162 noni
575 3103 788 3164 monumentis
807 3108 993 3188 *reperiatun
1016 3129 1068 3171 ne·

209 3203 328 3263 minem
347 3201 457 3284 fugiat.
498 3200 637 3282 Linguae
658 3202 870 3263 characterem
891 3203 1068 3270 describen-

208 3301 284 3362 dum
313 3299 568 3361 annotationibus
589 3309 621 3362 et
641 3299 795 3382 glossario
825 3323 963 3366 reservo.
1006 3310 1073 3370 Hie
1175 3317 1179 3328 ¹

209 3423 249 3463 ue
266 3403 337 3473 sine
359 3399 425 3462 ullo
448 3407 631 3481 argumento
652 3402 896 3482 vetustissimam
912 3415 980 3467 este
996 3429 1068 3470 con-

208 3502 346 3578 tendam,
368 3501 443 3562 satis
465 3499 579 3563 habeas
600 3501 650 3562 his
670 3500 810 3564 duobuss
986 3513 988 3520 ’

826 3621 838 3684 p
853 3618 869 3657 ,μ
