<?xml version="1.0" encoding="UTF-8"?>
<!DOCTYPE html PUBLIC "-//W3C//DTD XHTML 1.0 Transitional//EN"
    "http://www.w3.org/TR/xhtml1/DTD/xhtml1-transitional.dtd">
<html xmlns="http://www.w3.org/1999/xhtml" xml:lang="en" lang="en">
 <head>
  <title>
</title>
<meta http-equiv="Content-Type" content="text/html;charset=utf-8" />
  <meta name='ocr-system' content='tesseract 3.04.00' />
  <meta name='ocr-capabilities' content='ocr_page ocr_carea ocr_par ocr_line ocrx_word'/>
</head>
<body>
  <div class='ocr_page' id='page_1' title='image "./epistolaeadflor00isidgoog_0014.png"; bbox 0 0 2580 4220; ppageno 0'>
   <div class='ocr_carea' id='block_1_1' title="bbox 135 225 258 334">
    <p class='ocr_par' dir='ltr' id='par_1_1' title="bbox 135 225 258 334">
     <span class='ocr_line' id='line_1_1' title="bbox 135 225 258 334; baseline 0 -10"><span class='ocrx_word' id='word_1_1' title='bbox 135 225 258 334; x_wconf 66' lang='lat' dir='ltr'><strong>fo</strong></span> 
     </span>
    </p>
   </div>
   <div class='ocr_carea' id='block_1_2' title="bbox 236 429 1097 619">
    <p class='ocr_par' dir='ltr' id='par_1_2' title="bbox 236 429 1097 619">
     <span class='ocr_line' id='line_1_2' title="bbox 238 429 1096 534; baseline -0.002 -34"><span class='ocrx_word' id='word_1_2' title='bbox 238 429 351 500; x_wconf 71' lang='lat' dir='ltr'><strong>osbern</strong></span> <span class='ocrx_word' id='word_1_3' title='bbox 373 437 490 499; x_wconf 88' lang='lat' dir='ltr'><strong>endum</strong></span> <span class='ocrx_word' id='word_1_4' title='bbox 512 434 748 534; x_wconf 35' lang='lat' dir='ltr'><strong>,oostarriihhes</strong></span> <span class='ocrx_word' id='word_1_5' title='bbox 769 433 997 500; x_wconf 54' lang='lat' dir='ltr'><strong>sustentarer</strong></span> <span class='ocrx_word' id='word_1_6' title='bbox 1037 437 1096 498; x_wconf 87' lang='lat' dir='ltr'><strong>Pu-</strong></span> 
     </span>
     <span class='ocr_line' id='line_1_3' title="bbox 236 535 1097 619; baseline -0.005 -17"><span class='ocrx_word' id='word_1_7' title='bbox 236 539 322 602; x_wconf 76' lang='lat' dir='ltr'><strong>tabat</strong></span> <span class='ocrx_word' id='word_1_8' title='bbox 337 538 422 600; x_wconf 89' lang='lat' dir='ltr'><strong>enim</strong></span> <span class='ocrx_word' id='word_1_9' title='bbox 440 540 608 619; x_wconf 75' lang='lat' dir='ltr'><strong>interpres,</strong></span> <span class='ocrx_word' id='word_1_10' title='bbox 629 535 839 599; x_wconf 73' lang='lat' dir='ltr'><strong>accusativum</strong></span> <span class='ocrx_word' id='word_1_11' title='bbox 856 556 927 600; x_wconf 84' lang='lat' dir='ltr'><strong>eum</strong></span> <span class='ocrx_word' id='word_1_12' title='bbox 942 535 1097 598; x_wconf 84' lang='lat' dir='ltr'><strong>infinitivo</strong></span> 
     </span>
    </p>
   </div>
   <div class='ocr_carea' id='block_1_3' title="bbox 237 637 1215 724">
    <p class='ocr_par' dir='ltr' id='par_1_3' title="bbox 237 637 1215 724">
     <span class='ocr_line' id='line_1_4' title="bbox 237 637 1215 724; baseline -0.006 -22"><span class='ocrx_word' id='word_1_13' title='bbox 237 642 308 724; x_wconf 85' lang='lat' dir='ltr'><strong>regi</strong></span> <span class='ocrx_word' id='word_1_14' title='bbox 327 639 425 704; x_wconf 88' lang='lat' dir='ltr'><strong>verbo</strong></span> <span class='ocrx_word' id='word_1_15' title='bbox 445 639 553 717; x_wconf 85' lang='lat' dir='ltr'><strong>finito,</strong></span> <span class='ocrx_word' id='word_1_16' title='bbox 574 637 699 717; x_wconf 84' lang='lat' dir='ltr'><strong>nescio,</strong></span> <span class='ocrx_word' id='word_1_17' title='bbox 734 657 798 698; x_wconf 89' lang='lat' dir='ltr'><strong>uon</strong></span> <span class='ocrx_word' id='word_1_18' title='bbox 816 638 984 722; x_wconf 76' lang='lat' dir='ltr'><strong>participio</strong></span> <span class='ocrx_word' id='word_1_19' title='bbox 1012 657 1100 698; x_wconf 83' lang='lat' dir='ltr'><strong>men·</strong></span> <span class='ocrx_word' id='word_1_20' title='bbox 1132 679 1135 690; x_wconf 40' lang='lat' dir='ltr'><strong><em>f</em></strong></span> <span class='ocrx_word' id='word_1_21' title='bbox 1212 661 1215 668; x_wconf 93' lang='lat'>·</span> 
     </span>
    </p>
   </div>
   <div class='ocr_carea' id='block_1_4' title="bbox 238 733 823 822">
    <p class='ocr_par' dir='ltr' id='par_1_4' title="bbox 238 733 823 822">
     <span class='ocr_line' id='line_1_5' title="bbox 238 733 823 822; baseline 0.002 -23"><span class='ocrx_word' id='word_1_22' title='bbox 238 740 362 812; x_wconf 82' lang='lat' dir='ltr'><strong>tientes,</strong></span> <span class='ocrx_word' id='word_1_23' title='bbox 385 740 470 820; x_wconf 85' lang='lat' dir='ltr'><strong>quod</strong></span> <span class='ocrx_word' id='word_1_24' title='bbox 492 745 611 822; x_wconf 82' lang='lat' dir='ltr'><strong>punctu</strong></span> <span class='ocrx_word' id='word_1_25' title='bbox 627 733 823 818; x_wconf 78' lang='lat' dir='ltr'><strong>¹sejungebut.</strong></span> 
     </span>
    </p>
   </div>
   <div class='ocr_carea' id='block_1_5' title="bbox 185 836 1216 1016">
    <p class='ocr_par' dir='ltr' id='par_1_5' title="bbox 185 836 1216 1016">
     <span class='ocr_line' id='line_1_6' title="bbox 319 836 1216 923; baseline -0.003 -23"><span class='ocrx_word' id='word_1_26' title='bbox 319 839 442 912; x_wconf 76' lang='lat' dir='ltr'><strong>Fslsam</strong></span> <span class='ocrx_word' id='word_1_27' title='bbox 468 838 754 920; x_wconf 76' lang='lat' dir='ltr'><strong>interpunctionem</strong></span> <span class='ocrx_word' id='word_1_28' title='bbox 783 837 925 918; x_wconf 88' lang='lat' dir='ltr'><strong>sequitur</strong></span> <span class='ocrx_word' id='word_1_29' title='bbox 952 836 1022 923; x_wconf 67' lang='lat' dir='ltr'><strong>Fal,</strong></span> <span class='ocrx_word' id='word_1_30' title='bbox 1042 837 1097 915; x_wconf 94' lang='lat' dir='ltr'>III,</span> <span class='ocrx_word' id='word_1_31' title='bbox 1206 872 1216 890; x_wconf 51' lang='lat' dir='ltr'>x</span> 
     </span>
     <span class='ocr_line' id='line_1_7' title="bbox 185 931 1186 1016; baseline -0.003 -16"><span class='ocrx_word' id='word_1_32' title='bbox 185 955 189 962; x_wconf 77' lang='grc'><strong>’</strong></span> <span class='ocrx_word' id='word_1_33' title='bbox 236 937 269 1016; x_wconf 93' lang='lat' dir='ltr'><strong>b,</strong></span> <span class='ocrx_word' id='word_1_34' title='bbox 289 931 327 1006; x_wconf 66' lang='lat'><strong>4}</strong></span> <span class='ocrx_word' id='word_1_35' title='bbox 359 936 464 1014; x_wconf 80' lang='lat' dir='ltr'><strong>„dabo</strong></span> <span class='ocrx_word' id='word_1_36' title='bbox 494 937 554 1001; x_wconf 86' lang='lat' dir='ltr'><strong>tibi</strong></span> <span class='ocrx_word' id='word_1_37' title='bbox 581 938 746 998; x_wconf 77' lang='lat' dir='ltr'><strong>thesauros</strong></span> <span class='ocrx_word' id='word_1_38' title='bbox 774 935 975 1000; x_wconf 80' lang='lat' dir='ltr'><strong>absconditos</strong></span> <span class='ocrx_word' id='word_1_39' title='bbox 999 940 1096 998; x_wconf 84' lang='lat' dir='ltr'><strong>et&#39;sr-</strong></span> <span class='ocrx_word' id='word_1_40' title='bbox 1170 987 1186 1006; x_wconf 50' lang='lat' dir='ltr'><em>f</em></span> 
     </span>
    </p>
   </div>
   <div class='ocr_carea' id='block_1_6' title="bbox 237 1037 1097 1219">
    <p class='ocr_par' dir='ltr' id='par_1_6' title="bbox 237 1037 1097 1219">
     <span class='ocr_line' id='line_1_8' title="bbox 237 1037 1096 1120; baseline -0.002 -20"><span class='ocrx_word' id='word_1_41' title='bbox 237 1039 335 1100; x_wconf 85' lang='lat' dir='ltr'><strong>ohans</strong></span> <span class='ocrx_word' id='word_1_42' title='bbox 355 1045 564 1100; x_wconf 81' lang='lat' dir='ltr'><strong>secretorum:</strong></span> <span class='ocrx_word' id='word_1_43' title='bbox 588 1046 623 1098; x_wconf 92' lang='lat' dir='ltr'><strong>ut</strong></span> <span class='ocrx_word' id='word_1_44' title='bbox 644 1039 736 1116; x_wconf 85' lang='lat' dir='ltr'><strong>scias,</strong></span> <span class='ocrx_word' id='word_1_45' title='bbox 759 1039 843 1120; x_wconf 87' lang='lat' dir='ltr'><strong>quod</strong></span> <span class='ocrx_word' id='word_1_46' title='bbox 863 1058 923 1118; x_wconf 86' lang='lat' dir='ltr'><strong>ego</strong></span> <span class='ocrx_word' id='word_1_47' title='bbox 935 1037 1096 1101; x_wconf 84' lang='lat' dir='ltr'><strong>Dominus</strong></span> 
     </span>
     <span class='ocr_line' id='line_1_9' title="bbox 237 1135 1097 1219; baseline -0.002 -19"><span class='ocrx_word' id='word_1_48' title='bbox 237 1145 297 1200; x_wconf 81' lang='lat' dir='ltr'><strong>etc.</strong></span> <span class='ocrx_word' id='word_1_49' title='bbox 313 1145 373 1216; x_wconf 66' lang='lat' dir='ltr'><strong>ete,</strong></span> <span class='ocrx_word' id='word_1_50' title='bbox 385 1139 466 1200; x_wconf 82' lang='lat' dir='ltr'><strong>endi</strong></span> <span class='ocrx_word' id='word_1_51' title='bbox 493 1138 569 1200; x_wconf 85' lang='lat' dir='ltr'><strong>dhiu</strong></span> <span class='ocrx_word' id='word_1_52' title='bbox 590 1136 809 1219; x_wconf 81' lang='lat' dir='ltr'><strong>chiborgonun</strong></span> <span class='ocrx_word' id='word_1_53' title='bbox 822 1138 897 1200; x_wconf 91' lang='lat' dir='ltr'><strong>hort</strong></span> <span class='ocrx_word' id='word_1_54' title='bbox 912 1137 985 1198; x_wconf 85' lang='lat' dir='ltr'><strong>dhir</strong></span> <span class='ocrx_word' id='word_1_55' title='bbox 998 1135 1097 1218; x_wconf 83' lang='lat' dir='ltr'><strong>ghibu</strong></span> 
     </span>
    </p>
   </div>
   <div class='ocr_carea' id='block_1_7' title="bbox 237 1236 1121 1300">
    <p class='ocr_par' dir='ltr' id='par_1_7' title="bbox 237 1236 1121 1300">
     <span class='ocr_line' id='line_1_10' title="bbox 237 1236 1121 1300; baseline -0.003 0"><span class='ocrx_word' id='word_1_56' title='bbox 237 1239 310 1300; x_wconf 86' lang='lat' dir='ltr'><strong>endi</strong></span> <span class='ocrx_word' id='word_1_57' title='bbox 330 1238 366 1298; x_wconf 90' lang='lat' dir='ltr'><strong>ih</strong></span> <span class='ocrx_word' id='word_1_58' title='bbox 386 1237 488 1299; x_wconf 87' lang='lat' dir='ltr'><strong>uuillu</strong></span> <span class='ocrx_word' id='word_1_59' title='bbox 508 1239 603 1298; x_wconf 82' lang='lat' dir='ltr'><strong>dhszs</strong></span> <span class='ocrx_word' id='word_1_60' title='bbox 625 1239 689 1300; x_wconf 86' lang='lat' dir='ltr'><strong>dhu</strong></span> <span class='ocrx_word' id='word_1_61' title='bbox 710 1239 878 1300; x_wconf 79' lang='lat' dir='ltr'><strong>firstandes</strong></span> <span class='ocrx_word' id='word_1_62' title='bbox 900 1237 1002 1300; x_wconf 88' lang='lat' dir='ltr'><strong>beilso</strong></span> <span class='ocrx_word' id='word_1_63' title='bbox 1030 1236 1095 1298; x_wconf 79' lang='lat' dir='ltr'><strong>chi-</strong></span> <span class='ocrx_word' id='word_1_64' title='bbox 1118 1269 1121 1275; x_wconf 93' lang='lat'>·</span> 
     </span>
    </p>
   </div>
   <div class='ocr_carea' id='block_1_8' title="bbox 234 1337 1094 1718">
    <p class='ocr_par' dir='ltr' id='par_1_8' title="bbox 236 1337 864 1421">
     <span class='ocr_line' id='line_1_11' title="bbox 236 1337 864 1421; baseline -0.003 -21"><span class='ocrx_word' id='word_1_65' title='bbox 236 1339 318 1402; x_wconf 83' lang='lat' dir='ltr'><strong>runi.</strong></span> <span class='ocrx_word' id='word_1_66' title='bbox 340 1339 486 1421; x_wconf 79' lang='lat' dir='ltr'><strong>huuanda</strong></span> <span class='ocrx_word' id='word_1_67' title='bbox 505 1338 540 1398; x_wconf 89' lang='lat' dir='ltr'><strong>ih</strong></span> <span class='ocrx_word' id='word_1_68' title='bbox 559 1337 627 1399; x_wconf 87' lang='lat' dir='ltr'><strong>bim</strong></span> <span class='ocrx_word' id='word_1_69' title='bbox 649 1337 811 1398; x_wconf 87' lang='lat' dir='ltr'><strong>druhtin.“</strong></span> <span class='ocrx_word' id='word_1_70' title='bbox 862 1393 864 1398; x_wconf 81' lang='grc'>,</span> 
     </span>
    </p>

    <p class='ocr_par' dir='ltr' id='par_1_9' title="bbox 234 1436 1094 1718">
     <span class='ocr_line' id='line_1_12' title="bbox 317 1436 1092 1516; baseline -0.003 -18"><span class='ocrx_word' id='word_1_71' title='bbox 317 1439 370 1512; x_wconf 93' lang='lat' dir='ltr'><strong>VI,</strong></span> <span class='ocrx_word' id='word_1_72' title='bbox 390 1437 423 1516; x_wconf 91' lang='lat' dir='ltr'><strong>b,</strong></span> <span class='ocrx_word' id='word_1_73' title='bbox 445 1439 477 1504; x_wconf 87' lang='grc'><strong>6.</strong></span> <span class='ocrx_word' id='word_1_74' title='bbox 499 1437 571 1500; x_wconf 87' lang='lat' dir='ltr'><strong>endi</strong></span> <span class='ocrx_word' id='word_1_75' title='bbox 594 1439 657 1498; x_wconf 86' lang='lat' dir='ltr'><strong>dhu</strong></span> <span class='ocrx_word' id='word_1_76' title='bbox 670 1437 774 1498; x_wconf 87' lang='lat' dir='ltr'><strong>uueist</strong></span> <span class='ocrx_word' id='word_1_77' title='bbox 787 1436 882 1496; x_wconf 85' lang='lat' dir='ltr'><strong>dhszs</strong></span> <span class='ocrx_word' id='word_1_78' title='bbox 897 1445 960 1501; x_wconf 87' lang='lat' dir='ltr'><strong>eto.</strong></span> <span class='ocrx_word' id='word_1_79' title='bbox 980 1436 1092 1498; x_wconf 85' lang='lat' dir='ltr'><strong>latine:</strong></span> 
     </span>
     <span class='ocr_line' id='line_1_13' title="bbox 236 1536 1093 1619; baseline -0.006 -19"><span class='ocrx_word' id='word_1_80' title='bbox 236 1545 268 1600; x_wconf 90' lang='lat' dir='ltr'><strong>et</strong></span> <span class='ocrx_word' id='word_1_81' title='bbox 288 1539 388 1601; x_wconf 89' lang='lat' dir='ltr'><strong>scient</strong></span> <span class='ocrx_word' id='word_1_82' title='bbox 409 1539 481 1619; x_wconf 84' lang='lat' dir='ltr'><strong>quis</strong></span> <span class='ocrx_word' id='word_1_83' title='bbox 502 1546 563 1604; x_wconf 80' lang='lat' dir='ltr'><strong>eto.</strong></span> <span class='ocrx_word' id='word_1_84' title='bbox 600 1537 687 1599; x_wconf 88' lang='lat' dir='ltr'><strong>Haeo</strong></span> <span class='ocrx_word' id='word_1_85' title='bbox 703 1536 825 1599; x_wconf 74' lang='lat' dir='ltr'><strong>incuria</strong></span> <span class='ocrx_word' id='word_1_86' title='bbox 845 1556 910 1596; x_wconf 88' lang='lat' dir='ltr'><strong>non</strong></span> <span class='ocrx_word' id='word_1_87' title='bbox 929 1544 976 1598; x_wconf 93' lang='lat' dir='ltr'><strong>est</strong></span> <span class='ocrx_word' id='word_1_88' title='bbox 995 1537 1093 1617; x_wconf 87' lang='lat' dir='ltr'><strong>scrip-</strong></span> 
     </span>
     <span class='ocr_line' id='line_1_14' title="bbox 234 1636 1094 1718; baseline -0.002 -19"><span class='ocrx_word' id='word_1_89' title='bbox 234 1637 313 1700; x_wconf 86' lang='lat' dir='ltr'><strong>toris</strong></span> <span class='ocrx_word' id='word_1_90' title='bbox 336 1637 454 1698; x_wconf 86' lang='lat' dir='ltr'><strong>codicis</strong></span> <span class='ocrx_word' id='word_1_91' title='bbox 475 1637 678 1712; x_wconf 85' lang='lat' dir='ltr'><strong>Parisiensis,</strong></span> <span class='ocrx_word' id='word_1_92' title='bbox 700 1637 755 1697; x_wconf 88' lang='lat' dir='ltr'><strong>sed</strong></span> <span class='ocrx_word' id='word_1_93' title='bbox 777 1636 973 1698; x_wconf 74' lang='lat' dir='ltr'><strong>translatoris</strong></span> <span class='ocrx_word' id='word_1_94' title='bbox 994 1637 1094 1718; x_wconf 89' lang='lat' dir='ltr'><strong>ipsius</strong></span> 
     </span>
    </p>
   </div>
   <div class='ocr_carea' id='block_1_9' title="bbox 234 1727 1156 1915">
    <p class='ocr_par' dir='ltr' id='par_1_10' title="bbox 234 1727 1156 1915">
     <span class='ocr_line' id='line_1_15' title="bbox 234 1727 1099 1820; baseline 0.001 -22"><span class='ocrx_word' id='word_1_95' title='bbox 234 1758 333 1820; x_wconf 88' lang='lat' dir='ltr'><strong>quum</strong></span> <span class='ocrx_word' id='word_1_96' title='bbox 346 1737 453 1800; x_wconf 79' lang='lat' dir='ltr'><strong>eadem</strong></span> <span class='ocrx_word' id='word_1_97' title='bbox 465 1736 500 1796; x_wconf 92' lang='lat' dir='ltr'><strong>in</strong></span> <span class='ocrx_word' id='word_1_98' title='bbox 514 1734 682 1818; x_wconf 84' lang='lat' dir='ltr'><strong>exemplari</strong></span> <span class='ocrx_word' id='word_1_99' title='bbox 693 1727 928 1798; x_wconf 79' lang='lat' dir='ltr'><strong>vindobonensi</strong></span> <span class='ocrx_word' id='word_1_100' title='bbox 939 1745 1099 1805; x_wconf 70' lang='lat' dir='ltr'><strong>occurrat,</strong></span> 
     </span>
     <span class='ocr_line' id='line_1_16' title="bbox 317 1834 1156 1915; baseline 0.001 -18"><span class='ocrx_word' id='word_1_101' title='bbox 317 1837 432 1914; x_wconf 84' lang='lat' dir='ltr'>XVIII,</span> <span class='ocrx_word' id='word_1_102' title='bbox 453 1835 486 1909; x_wconf 89' lang='lat' dir='ltr'><strong>b,</strong></span> <span class='ocrx_word' id='word_1_103' title='bbox 508 1837 558 1902; x_wconf 85' lang='lat'><strong>17.</strong></span> <span class='ocrx_word' id='word_1_104' title='bbox 581 1856 646 1896; x_wconf 92' lang='lat' dir='ltr'><strong>non</strong></span> <span class='ocrx_word' id='word_1_105' title='bbox 662 1834 865 1898; x_wconf 77' lang='lat' dir='ltr'><strong>frustrabitur</strong></span> <span class='ocrx_word' id='word_1_106' title='bbox 880 1856 962 1915; x_wconf 89' lang='lat' dir='ltr'><strong>eum,</strong></span> <span class='ocrx_word' id='word_1_107' title='bbox 983 1837 1017 1899; x_wconf 89' lang='lat' dir='ltr'><strong>ni</strong></span> <span class='ocrx_word' id='word_1_108' title='bbox 1036 1837 1093 1898; x_wconf 91' lang='lat' dir='ltr'><strong>hu·</strong></span> <span class='ocrx_word' id='word_1_109' title='bbox 1154 1836 1156 1840; x_wconf 78' lang='grc'><strong>’</strong></span> 
     </span>
    </p>
   </div>
   <div class='ocr_carea' id='block_1_10' title="bbox 232 1934 1092 2294">
    <p class='ocr_par' dir='ltr' id='par_1_11' title="bbox 235 1934 884 2018">
     <span class='ocr_line' id='line_1_17' title="bbox 235 1934 884 2018; baseline -0.002 -20"><span class='ocrx_word' id='word_1_110' title='bbox 235 1934 319 1998; x_wconf 88' lang='lat' dir='ltr'><strong>olida</strong></span> <span class='ocrx_word' id='word_1_111' title='bbox 338 1936 415 2012; x_wconf 88' lang='lat' dir='ltr'><strong>imu,</strong></span> <span class='ocrx_word' id='word_1_112' title='bbox 437 1936 642 2018; x_wconf 83' lang='lat' dir='ltr'><strong>praeteritum</strong></span> <span class='ocrx_word' id='word_1_113' title='bbox 662 1938 858 2017; x_wconf 79' lang='lat' dir='ltr'><strong>profuturo.</strong></span> <span class='ocrx_word' id='word_1_114' title='bbox 881 1974 884 1986; x_wconf 31' lang='grc' dir='ltr'><strong>κ</strong></span> 
     </span>
    </p>

    <p class='ocr_par' dir='ltr' id='par_1_12' title="bbox 232 2033 1092 2294">
     <span class='ocr_line' id='line_1_18' title="bbox 317 2033 1092 2114; baseline -0.005 -18"><span class='ocrx_word' id='word_1_115' title='bbox 317 2034 429 2110; x_wconf 87' lang='lat' dir='ltr'>XVIII,</span> <span class='ocrx_word' id='word_1_116' title='bbox 448 2033 482 2111; x_wconf 83' lang='lat' dir='ltr'><strong>b,</strong></span> <span class='ocrx_word' id='word_1_117' title='bbox 502 2036 544 2099; x_wconf 75' lang='lat'><strong>20</strong></span> <span class='ocrx_word' id='word_1_118' title='bbox 565 2035 670 2114; x_wconf 86' lang='lat' dir='ltr'><strong>verbs,</strong></span> <span class='ocrx_word' id='word_1_119' title='bbox 692 2033 720 2094; x_wconf 91' lang='lat' dir='ltr'><strong>si</strong></span> <span class='ocrx_word' id='word_1_120' title='bbox 735 2034 827 2096; x_wconf 89' lang='lat' dir='ltr'><strong>david</strong></span> <span class='ocrx_word' id='word_1_121' title='bbox 847 2035 991 2110; x_wconf 87' lang='lat' dir='ltr'><strong>mentiar,</strong></span> <span class='ocrx_word' id='word_1_122' title='bbox 1013 2049 1092 2114; x_wconf 85' lang='lat' dir='ltr'><strong>quae</strong></span> 
     </span>
     <span class='ocr_line' id='line_1_19' title="bbox 232 2132 1091 2216; baseline 0.005 -24"><span class='ocrx_word' id='word_1_123' title='bbox 232 2151 291 2214; x_wconf 89' lang='lat' dir='ltr'><strong>per</strong></span> <span class='ocrx_word' id='word_1_124' title='bbox 312 2132 511 2214; x_wconf 80' lang='lat' dir='ltr'><strong>aposiopesin</strong></span> <span class='ocrx_word' id='word_1_125' title='bbox 532 2133 727 2212; x_wconf 80' lang='lat' dir='ltr'><strong>dictasunt,</strong></span> <span class='ocrx_word' id='word_1_126' title='bbox 748 2134 861 2196; x_wconf 85' lang='lat' dir='ltr'><strong>vertit:</strong></span> <span class='ocrx_word' id='word_1_127' title='bbox 893 2134 927 2194; x_wconf 91' lang='lat' dir='ltr'><strong>ni</strong></span> <span class='ocrx_word' id='word_1_128' title='bbox 946 2133 1037 2216; x_wconf 86' lang='lat' dir='ltr'><strong>liugu</strong></span> <span class='ocrx_word' id='word_1_129' title='bbox 1057 2133 1091 2196; x_wconf 91' lang='lat' dir='ltr'><strong>ih</strong></span> 
     </span>
     <span class='ocr_line' id='line_1_20' title="bbox 234 2230 596 2294; baseline -0.014 0"><span class='ocrx_word' id='word_1_130' title='bbox 234 2230 355 2294; x_wconf 83' lang='lat' dir='ltr'><strong>davide.</strong></span> <span class='ocrx_word' id='word_1_131' title='bbox 382 2285 383 2292; x_wconf 73' lang='grc'>,</span> <span class='ocrx_word' id='word_1_132' title='bbox 592 2232 596 2240; x_wconf 80' lang='lat'><em>&#39;</em></span> 
     </span>
    </p>
   </div>
   <div class='ocr_carea' id='block_1_11' title="bbox 316 2328 1137 2412">
    <p class='ocr_par' dir='ltr' id='par_1_13' title="bbox 316 2328 1137 2412">
     <span class='ocr_line' id='line_1_21' title="bbox 316 2328 1137 2412; baseline 0.002 -18"><span class='ocrx_word' id='word_1_133' title='bbox 316 2332 399 2408; x_wconf 87' lang='lat' dir='ltr'>XVI,</span> <span class='ocrx_word' id='word_1_134' title='bbox 422 2352 449 2406; x_wconf 88' lang='lat' dir='ltr'><strong>a,</strong></span> <span class='ocrx_word' id='word_1_135' title='bbox 472 2331 522 2396; x_wconf 76' lang='lat'><strong>92.</strong></span> <span class='ocrx_word' id='word_1_136' title='bbox 543 2329 737 2412; x_wconf 83' lang='lat' dir='ltr'><strong>Angelorum</strong></span> <span class='ocrx_word' id='word_1_137' title='bbox 757 2328 911 2390; x_wconf 87' lang='lat' dir='ltr'><strong>malorum</strong></span> <span class='ocrx_word' id='word_1_138' title='bbox 940 2331 1090 2400; x_wconf 77' lang='lat' dir='ltr'><strong>hostibus.</strong></span> <span class='ocrx_word' id='word_1_139' title='bbox 1135 2383 1137 2396; x_wconf 90' lang='lat'>.</span> 
     </span>
    </p>
   </div>
   <div class='ocr_carea' id='block_1_12' title="bbox 165 2417 1092 2809">
    <p class='ocr_par' dir='ltr' id='par_1_14' title="bbox 207 2417 1092 2608">
     <span class='ocr_line' id='line_1_22' title="bbox 232 2417 1092 2514; baseline 0.002 -24"><span class='ocrx_word' id='word_1_140' title='bbox 232 2429 337 2490; x_wconf 83' lang='lat' dir='ltr'><strong>Allum</strong></span> <span class='ocrx_word' id='word_1_141' title='bbox 358 2431 487 2512; x_wconf 76' lang='lat' dir='ltr'><strong>hereum</strong></span> <span class='ocrx_word' id='word_1_142' title='bbox 507 2428 630 2490; x_wconf 84' lang='lat' dir='ltr'><strong>ubilero</strong></span> <span class='ocrx_word' id='word_1_143' title='bbox 652 2427 756 2509; x_wconf 83' lang='lat' dir='ltr'><strong>angilo</strong></span> <span class='ocrx_word' id='word_1_144' title='bbox 789 2417 1012 2512; x_wconf 79' lang='lat' dir='ltr'><strong>arsssugidem3</strong></span> <span class='ocrx_word' id='word_1_145' title='bbox 1033 2451 1092 2514; x_wconf 85' lang='lat' dir='ltr'><strong>pro</strong></span> 
     </span>
     <span class='ocr_line' id='line_1_23' title="bbox 207 2527 748 2608; baseline -0.004 -18"><span class='ocrx_word' id='word_1_146' title='bbox 207 2603 212 2608; x_wconf 87' lang='lat'>.</span> <span class='ocrx_word' id='word_1_147' title='bbox 233 2527 377 2593; x_wconf 87' lang='lat' dir='ltr'><strong>hostibus</strong></span> <span class='ocrx_word' id='word_1_148' title='bbox 398 2529 531 2590; x_wconf 89' lang='lat' dir='ltr'><strong>vertitur</strong></span> <span class='ocrx_word' id='word_1_149' title='bbox 551 2527 748 2590; x_wconf 84' lang='lat' dir='ltr'><strong>exercitibus.</strong></span> 
     </span>
    </p>

    <p class='ocr_par' dir='ltr' id='par_1_15' title="bbox 165 2621 1091 2809">
     <span class='ocr_line' id='line_1_24' title="bbox 285 2621 1089 2714; baseline 0.011 -31"><span class='ocrx_word' id='word_1_150' title='bbox 285 2691 288 2694; x_wconf 49' lang='grc'><em>,</em></span> <span class='ocrx_word' id='word_1_151' title='bbox 316 2627 400 2701; x_wconf 86' lang='lat' dir='ltr'>XIII,</span> <span class='ocrx_word' id='word_1_152' title='bbox 420 2623 454 2701; x_wconf 89' lang='lat' dir='ltr'><strong>b,</strong></span> <span class='ocrx_word' id='word_1_153' title='bbox 475 2625 515 2690; x_wconf 69' lang='lat'><strong>22</strong></span> <span class='ocrx_word' id='word_1_154' title='bbox 536 2647 635 2708; x_wconf 85' lang='lat' dir='ltr'><strong>usque</strong></span> <span class='ocrx_word' id='word_1_155' title='bbox 657 2627 858 2714; x_wconf 80' lang='lat' dir='ltr'><strong>adpraesens</strong></span> <span class='ocrx_word' id='word_1_156' title='bbox 878 2621 1014 2712; x_wconf 76' lang='lat' dir='ltr'><strong>tempus,</strong></span> <span class='ocrx_word' id='word_1_157' title='bbox 1034 2651 1089 2692; x_wconf 87' lang='lat' dir='ltr'><strong>un·</strong></span> 
     </span>
     <span class='ocr_line' id='line_1_25' title="bbox 165 2713 1091 2809; baseline 0.01 -26"><span class='ocrx_word' id='word_1_158' title='bbox 165 2747 172 2798; x_wconf 69' lang='lat'><strong>3·</strong></span> <span class='ocrx_word' id='word_1_159' title='bbox 230 2732 297 2786; x_wconf 88' lang='lat' dir='ltr'><strong>tazs</strong></span> <span class='ocrx_word' id='word_1_160' title='bbox 320 2725 396 2785; x_wconf 88' lang='lat' dir='ltr'><strong>dhiu</strong></span> <span class='ocrx_word' id='word_1_161' title='bbox 416 2715 532 2797; x_wconf 80' lang='lat' dir='ltr'><strong>selbun</strong></span> <span class='ocrx_word' id='word_1_162' title='bbox 555 2747 634 2809; x_wconf 72' lang='grc' dir='ltr'><strong>χρεε</strong></span> <span class='ocrx_word' id='word_1_163' title='bbox 669 2713 822 2808; x_wconf 74' lang='lat' dir='ltr'><strong>ehumsn&#39;s</strong></span> <span class='ocrx_word' id='word_1_164' title='bbox 852 2729 960 2808; x_wconf 88' lang='lat' dir='ltr'><strong>ziidh,</strong></span> <span class='ocrx_word' id='word_1_165' title='bbox 989 2733 1091 2795; x_wconf 82' lang='lat' dir='ltr'><strong>idest</strong></span> 
     </span>
    </p>
   </div>
   <div class='ocr_carea' id='block_1_13' title="bbox 129 2809 1192 2915">
    <p class='ocr_par' dir='ltr' id='par_1_16' title="bbox 129 2809 1192 2915">
     <span class='ocr_line' id='line_1_26' title="bbox 129 2809 1192 2915; baseline 0.011 -32"><span class='ocrx_word' id='word_1_166' title='bbox 129 2823 131 2828; x_wconf 82' lang='grc'><strong>’</strong></span> <span class='ocrx_word' id='word_1_167' title='bbox 232 2844 331 2904; x_wconf 86' lang='lat' dir='ltr'><strong>usqne</strong></span> <span class='ocrx_word' id='word_1_168' title='bbox 362 2825 401 2884; x_wconf 84' lang='lat' dir='ltr'><strong>sd</strong></span> <span class='ocrx_word' id='word_1_169' title='bbox 429 2825 497 2906; x_wconf 83' lang='lat' dir='ltr'><strong>ipsa</strong></span> <span class='ocrx_word' id='word_1_170' title='bbox 528 2828 592 2902; x_wconf 83' lang='lat' dir='ltr'><strong>(aut</strong></span> <span class='ocrx_word' id='word_1_171' title='bbox 620 2827 741 2900; x_wconf 81' lang='lat' dir='ltr'><strong>eadem)</strong></span> <span class='ocrx_word' id='word_1_172' title='bbox 768 2809 913 2910; x_wconf 78' lang='lat' dir='ltr'><strong>lempora</strong></span> <span class='ocrx_word' id='word_1_173' title='bbox 942 2833 1090 2894; x_wconf 88' lang='lat' dir='ltr'><strong>adventus</strong></span> <span class='ocrx_word' id='word_1_174' title='bbox 1184 2889 1192 2915; x_wconf 75' lang='lat'>,</span> 
     </span>
    </p>
   </div>
   <div class='ocr_carea' id='block_1_14' title="bbox 162 2923 1089 3304">
    <p class='ocr_par' dir='ltr' id='par_1_17' title="bbox 162 2923 1089 3107">
     <span class='ocr_line' id='line_1_27' title="bbox 162 2923 1089 3005; baseline 0.009 -21"><span class='ocrx_word' id='word_1_175' title='bbox 162 2974 171 2984; x_wconf 95' lang='lat'>.</span> <span class='ocrx_word' id='word_1_176' title='bbox 235 2923 365 2998; x_wconf 84' lang='lat' dir='ltr'><strong>Christi,</strong></span> <span class='ocrx_word' id='word_1_177' title='bbox 387 2943 466 3005; x_wconf 88' lang='lat' dir='ltr'><strong>quae</strong></span> <span class='ocrx_word' id='word_1_178' title='bbox 488 2945 551 2984; x_wconf 90' lang='lat' dir='ltr'><strong>non</strong></span> <span class='ocrx_word' id='word_1_179' title='bbox 573 2933 619 2986; x_wconf 88' lang='lat' dir='ltr'><strong>est</strong></span> <span class='ocrx_word' id='word_1_180' title='bbox 651 2927 755 2988; x_wconf 90' lang='lat' dir='ltr'><strong>versio</strong></span> <span class='ocrx_word' id='word_1_181' title='bbox 785 2935 905 3005; x_wconf 85' lang='lat' dir='ltr'><strong>textus,</strong></span> <span class='ocrx_word' id='word_1_182' title='bbox 928 2929 983 2991; x_wconf 88' lang='lat' dir='ltr'><strong>sed</strong></span> <span class='ocrx_word' id='word_1_183' title='bbox 1003 2952 1089 2994; x_wconf 85' lang='lat' dir='ltr'><strong>mera</strong></span> 
     </span>
     <span class='ocr_line' id='line_1_28' title="bbox 232 3021 874 3107; baseline 0 -23"><span class='ocrx_word' id='word_1_184' title='bbox 232 3021 396 3090; x_wconf 84' lang='lat' dir='ltr'><strong>snbversio</strong></span> <span class='ocrx_word' id='word_1_185' title='bbox 418 3031 510 3106; x_wconf 91' lang='lat' dir='ltr'><strong>atque</strong></span> <span class='ocrx_word' id='word_1_186' title='bbox 534 3026 706 3107; x_wconf 89' lang='lat' dir='ltr'><strong>perversio.</strong></span> <span class='ocrx_word' id='word_1_187' title='bbox 873 3088 874 3092; x_wconf 54' lang='grc'>,</span> 
     </span>
    </p>

    <p class='ocr_par' dir='ltr' id='par_1_18' title="bbox 232 3123 1089 3304">
     <span class='ocr_line' id='line_1_29' title="bbox 314 3123 1089 3204; baseline 0.012 -18"><span class='ocrx_word' id='word_1_188' title='bbox 314 3123 439 3186; x_wconf 88' lang='lat' dir='ltr'><strong>Horum</strong></span> <span class='ocrx_word' id='word_1_189' title='bbox 459 3123 603 3185; x_wconf 84' lang='lat' dir='ltr'><strong>locorum</strong></span> <span class='ocrx_word' id='word_1_190' title='bbox 624 3124 790 3204; x_wconf 83' lang='lat' dir='ltr'><strong>versionis,</strong></span> <span class='ocrx_word' id='word_1_191' title='bbox 816 3126 853 3188; x_wconf 83' lang='lat' dir='ltr'><strong>sb</strong></span> <span class='ocrx_word' id='word_1_192' title='bbox 875 3149 969 3192; x_wconf 90' lang='lat' dir='ltr'><strong>sensu</strong></span> <span class='ocrx_word' id='word_1_193' title='bbox 988 3139 1089 3196; x_wconf 78' lang='lat' dir='ltr'><strong>textus</strong></span> 
     </span>
     <span class='ocr_line' id='line_1_30' title="bbox 232 3225 1087 3304; baseline 0.006 -14"><span class='ocrx_word' id='word_1_194' title='bbox 232 3225 324 3291; x_wconf 88' lang='lat' dir='ltr'><strong>latini</strong></span> <span class='ocrx_word' id='word_1_195' title='bbox 344 3225 558 3286; x_wconf 85' lang='lat' dir='ltr'><strong>recedentium</strong></span> <span class='ocrx_word' id='word_1_196' title='bbox 579 3226 639 3288; x_wconf 86' lang='lat' dir='ltr'><strong>etsi</strong></span> <span class='ocrx_word' id='word_1_197' title='bbox 659 3247 723 3291; x_wconf 88' lang='lat' dir='ltr'><strong>non</strong></span> <span class='ocrx_word' id='word_1_198' title='bbox 743 3248 851 3290; x_wconf 87' lang='lat' dir='ltr'><strong>omnes</strong></span> <span class='ocrx_word' id='word_1_199' title='bbox 867 3249 883 3290; x_wconf 91' lang='lat' dir='ltr'><strong>e</strong></span> <span class='ocrx_word' id='word_1_200' title='bbox 897 3230 1087 3304; x_wconf 78' lang='lat' dir='ltr'><strong>malsiuter·</strong></span> 
     </span>
    </p>
   </div>
   <div class='ocr_carea' id='block_1_15' title="bbox 232 3315 1216 3510">
    <p class='ocr_par' dir='ltr' id='par_1_19' title="bbox 232 3315 1216 3510">
     <span class='ocr_line' id='line_1_31' title="bbox 232 3315 1132 3416; baseline 0.01 -30"><span class='ocrx_word' id='word_1_201' title='bbox 232 3325 405 3407; x_wconf 85' lang='lat' dir='ltr'><strong>pretatione</strong></span> <span class='ocrx_word' id='word_1_202' title='bbox 426 3325 588 3416; x_wconf 57' lang='lat' dir='ltr'><strong>linxerint,</strong></span> <span class='ocrx_word' id='word_1_203' title='bbox 618 3329 741 3410; x_wconf 86' lang='lat' dir='ltr'><strong>primus</strong></span> <span class='ocrx_word' id='word_1_204' title='bbox 760 3337 865 3393; x_wconf 85' lang='lat' dir='ltr'><strong>tamen</strong></span> <span class='ocrx_word' id='word_1_205' title='bbox 879 3349 980 3412; x_wconf 74' lang='lat' dir='ltr'><strong>quem</strong></span> <span class='ocrx_word' id='word_1_206' title='bbox 1016 3333 1088 3395; x_wconf 87' lang='lat' dir='ltr'><strong>alle·</strong></span> <span class='ocrx_word' id='word_1_207' title='bbox 1129 3315 1132 3322; x_wconf 40' lang='lat'>⁵</span> 
     </span>
     <span class='ocr_line' id='line_1_32' title="bbox 232 3426 1216 3510; baseline 0.004 -24"><span class='ocrx_word' id='word_1_208' title='bbox 232 3426 375 3506; x_wconf 82' lang='lat' dir='ltr'><strong>gavimus</strong></span> <span class='ocrx_word' id='word_1_209' title='bbox 395 3434 427 3487; x_wconf 91' lang='lat' dir='ltr'><strong>et</strong></span> <span class='ocrx_word' id='word_1_210' title='bbox 454 3427 583 3491; x_wconf 86' lang='lat' dir='ltr'><strong>ultimus</strong></span> <span class='ocrx_word' id='word_1_211' title='bbox 616 3427 757 3506; x_wconf 81' lang='lat' dir='ltr'><strong>obstant,</strong></span> <span class='ocrx_word' id='word_1_212' title='bbox 780 3450 842 3510; x_wconf 87' lang='lat' dir='ltr'><strong>quo</strong></span> <span class='ocrx_word' id='word_1_213' title='bbox 869 3429 972 3495; x_wconf 83' lang='lat' dir='ltr'><strong>minus</strong></span> <span class='ocrx_word' id='word_1_214' title='bbox 1003 3431 1087 3494; x_wconf 85' lang='lat' dir='ltr'><strong>laudi</strong></span> <span class='ocrx_word' id='word_1_215' title='bbox 1206 3475 1216 3490; x_wconf 53' lang='lat' dir='ltr'><em>s</em></span> 
     </span>
    </p>
   </div>
   <div class='ocr_carea' id='block_1_16' title="bbox 233 3525 1087 3611">
    <p class='ocr_par' dir='ltr' id='par_1_20' title="bbox 233 3525 1087 3611">
     <span class='ocr_line' id='line_1_33' title="bbox 233 3525 1087 3611; baseline 0.008 -23"><span class='ocrx_word' id='word_1_216' title='bbox 233 3547 326 3608; x_wconf 87' lang='lat' dir='ltr'><strong>quarn</strong></span> <span class='ocrx_word' id='word_1_217' title='bbox 347 3525 502 3608; x_wconf 85' lang='lat' dir='ltr'><strong>Hauptius</strong></span> <span class='ocrx_word' id='word_1_218' title='bbox 530 3527 676 3592; x_wconf 88' lang='lat' dir='ltr'><strong>tribuerit</strong></span> <span class='ocrx_word' id='word_1_219' title='bbox 691 3529 908 3608; x_wconf 75' lang='lat' dir='ltr'><strong>translatori,</strong></span> <span class='ocrx_word' id='word_1_220' title='bbox 930 3551 1087 3611; x_wconf 75' lang='lat' dir='ltr'><strong>nunquam</strong></span> 
     </span>
    </p>
   </div>
   <div class='ocr_carea' id='block_1_17' title="bbox 1181 999 1282 1226">
    <p class='ocr_par' dir='ltr' id='par_1_21' title="bbox 1181 999 1282 1226">
     <span class='ocr_line' id='line_1_34' title="bbox 1276 999 1282 1090; baseline 0 -84"><span class='ocrx_word' id='word_1_221' title='bbox 1276 999 1282 1090; x_wconf 72' lang='lat'>,</span> 
     </span>
     <span class='ocr_line' id='line_1_35' title="bbox 1181 1109 1282 1226; baseline 0 0"><span class='ocrx_word' id='word_1_222' title='bbox 1181 1131 1186 1152; x_wconf 83' lang='lat'><em>‘</em></span> <span class='ocrx_word' id='word_1_223' title='bbox 1278 1109 1282 1226; x_wconf 84' lang='lat' dir='ltr'><strong>l</strong></span> 
     </span>
    </p>
   </div>
   <div class='ocr_carea' id='block_1_18' title="bbox 0 0 1294 4220">
    <p class='ocr_par' dir='ltr' id='par_1_22' title="bbox 0 0 1294 4220">
     <span class='ocr_line' id='line_1_36' title="bbox 0 0 1294 4220; baseline 0 1"><span class='ocrx_word' id='word_1_224' title='bbox 0 0 1294 4220; x_wconf 95' lang='lat' dir='ltr'><strong> </strong></span> 
     </span>
    </p>
   </div>
  </div>
 </body>
</html>
