2580 4220
547 419 613 483 Ful,
636 419 713 494 XII,
733 417 763 480 h.

309 589 339 663 §·
371 585 399 652 4.
442 585 530 648 Hono
560 586 847 668 incorporationem
870 562 938 648 'filii
958 587 1028 648 *Dei
1050 575 1087 648 ¹ct

227 693 367 774 Spiritus
389 693 523 754 Sanctus
554 692 588 752 in
614 691 749 774 'psalmis
770 693 814 752 its
843 694 1087 774 praenunciavit,

228 799 354 858 dicens:
380 797 473 875 (Pssl.
494 796 561 874 86.)
582 799 630 858 Ad
651 799 729 859 Sion
760 806 862 860 sutem
890 799 967 862 dicit
988 801 1037 861 vir
1059 807 1090 860 ct

227 906 277 966 vir
297 911 387 966 natus
410 899 510 966 estin
533 924 569 965 ea
591 905 709 988 etipse
731 900 873 972 fundauit
899 927 968 968 enm
990 907 1088 969 excel·
1187 967 1191 984 ,

228 1034 292 1077 sus.
334 1015 418 1075 Ecce
440 1015 496 1095 qui
514 1016 656 1076 nescitur
683 1017 718 1076 in
739 1015 818 1078 Sion
840 1017 947 1098 etqui
967 1017 1002 1075 in
1022 1016 1090 1097 ipsa

117 1185 119 1192 s
229 1121 355 1183 civitate
376 1123 477 1182 factos
497 1131 545 1184 est
568 1121 776 1202 humillimus,
797 1123 866 1205 ipsc
879 1132 927 1184 est
944 1123 1000 1205 qui
1021 1125 1090 1184 fun·

228 1228 405 1290 davit-eom
427 1229 578 1298 excelsus.
620 1231 663 1290 Et
684 1231 758 1310 quia
772 1231 857 1292 idem
873 1240 921 1292 eet
934 1231 1089 1292 Dominus

229 1321 381 1417 sequitur,
402 1335 558 1397 Dominus
583 1337 923 1399 numeravit‘soribeus
943 1339 1090 1420 populos,

228 1445 289 1506 iste
301 1453 400 1508 ¹notus
419 1453 467 1507 est
481 1445 536 1506 ibi.
572 1442 654 1526 Quis
664 1446 724 1506 isto
738 1447 788 1508 vir
807 1446 930 1508 scilicet
950 1448 1090 1518 excelsus

228 1561 260 1613 ct
272 1552 452 1614 Dominus?
473 1553 522 1616 vir
541 1554 615 1634 quis
634 1554 731 1616 homo
750 1555 851 1613 iactus
869 1561 928 1630 est,
950 1555 1091 1622 excelsus

230 1661 303 1742 quin
325 1681 396 1722 curn
417 1681 511 1742 supra
538 1680 572 1722 se
603 1659 684 1722 coeli
706 1670 737 1722 et
767 1661 880 1742 Angeli
906 1658 1091 1744 suscipiunt,

229 1769 385 1830 Dominus
408 1769 482 1850 quis
503 1777 632 1831 cunetae
650 1769 732 1832 coeli
746 1777 911 1850 terraeque
933 1778 1091 1832 creaturae

229 1876 279 1938 illi
301 1874 491 1940 deserviunt.
681 1957 688 1963 ν

312 1985 340 2063 §.
363 1986 394 2050 5.
437 1985 560 2048 Verum·
577 1977 720 2068 quotiens
742 1968 866 2064 inimici
886 1985 1003 2050 Christi
1025 2007 1088 2048 om·

229 2114 301 2190 nem
321 2063 403 2155 hano

261 2418 316 2474 un.
337 2418 362 2476 4.
398 2415 684 2472 nuscunterznne
705 2423 760 2476 ou.
842 2411 867 2438 ··
935 2401 942 2427 ¹

251 2510 320 2575 plin.
339 2519 366 2572 8·
400 2509 519 2568 hohista
536 2511 579 2566 sie
596 2511 741 2582 seriptum
764 2522 820 2571 est.

263 2606 319 2666 lin.
340 2609 385 2665 18.
421 2604 533 2681 hirudo,
553 2607 595 2660 sic
615 2615 719 2661 contra
737 2611 977 2678 grammaticam,
999 2611 1090 2662 etium

328 2702 361 2756 in
378 2703 429 2756 tol.
446 2705 480 2778 i,
498 2703 673 2770 s,2himilo
688 2711 718 2755 et
731 2702 763 2755 in
776 2703 829 2756 fol.
845 2705 895 2772 v1,
915 2705 943 2770 b,
962 2707 997 2762 22
1015 2705 1094 2760 citer

283 2823 291 2838 ·
328 2813 382 2866 pro
396 2797 496 2848 himiln
510 2807 541 2848 et
558 2797 633 2870 after
652 2796 738 2862 justis
752 2814 826 2866 quas
841 2796 1013 2866 scripsimus
1027 2799 1088 2852 for-

220 2915 222 2920 r
328 2889 386 2942 mis
398 2886 491 2942 codex
507 2889 789 2960 videturpraebere.
810 2890 863 2943 Est
873 2891 953 2944 enim
969 2909 986 2943 o
1002 2892 1092 2946 litera

329 2983 500 3053 perspicua,
525 3001 593 3035 cum
612 2983 736 3035 minimo
756 2985 849 3054 apice«
865 2986 1091 3039 dextroversum

330 3072 480 3147 imposito
518 3078 590 3130 Inde
617 3087 701 3147 patet
725 3078 758 3128 in
781 3078 884 3130 codice.
910 3088 1013 3132 nostro
1039 3091 1091 3132 aut

330 3173 413 3238 juxto
427 3172 526 3224 ambas
539 3172 644 3224 literae
656 3190 671 3223 a
684 3174 795 3229 formas
807 3191 879 3242 quas
893 3175 958 3226 vide
973 3177 1088 3244 Fragm.

330 3263 478 3317 theotisca
497 3265 560 3318 XII.
581 3266 676 3318 rarius
690 3265 815 3318 'tertiam
834 3266 870 3318 ab
892 3285 911 3318 o
933 3269 1021 3320 litera
1042 3267 1090 3320 vix

331 3358 501 3411 distinctam
520 3356 666 3428 adhiberi,
685 3369 736 3412 aut
752 3358 855 3412 literas
874 3378 889 3412 a
908 3369 939 3411 et
958 3377 974 3411 o
996 3361 1090 3430 negli-
1161 3412 1163 3416 ,
1274 3391 1278 3400 ·

330 3462 436 3520 genter
456 3433 623 3526 confundi,
643 3454 683 3514 ci.
702 3454 779 3508 bana
799 3470 852 3524 pro
872 3453 950 3508 bona
971 3455 1091 3523 Fragor.

329 3545 431 3602 theod.
453 3545 516 3602 xli.
