2580 4220
41 1219 50 1224 ”
82 1225 86 1253 t

1057 256 1078 320 5
1114 233 1117 237 ,

215 423 337 498 utitur3
380 427 633 490 vindobonensis
665 441 769 493 autem
799 435 849 496 vel
881 438 1078 498 Monacensis

214 525 300 604 inter
315 523 317 529 ’
330 525 406 586 duas
436 528 587 589 dialectos
607 530 782 606 fluctuans,
814 555 888 595 mox
909 533 1077 598 dialectum

217 623 403 701 Parisiensis
434 629 596 710 sequitur,
610 647 705 692 -mox'
729 633 896 695 dialectum
918 633 1078 718 quandam

218 745 290 784 oum
324 727 459 788 licronis
499 731 633 792 maxime
672 735 936 812 convenientem,
969 738 1014 797 ita
1044 747 1080 798 nt

216 824 251 884 in
282 821 441 908 prioribus
473 829 560 890 foliis
590 831 741 893 dialectus
771 835 889 896 codicis
926 838 1078 898 Parisien·
1110 909 1113 914 ι

216 927 261 988 sis
273 927 287 1002 ,¹
315 928 349 986 in
370 927 572 990 ulterioribus
600 932 737 992 licronis
772 935 958 1014 praevaleat.
1001 937 1078 998 Inde

213 1027 297 1091 mihi
318 1027 447 1108 quidem
469 1037 589 1090 certum
611 1021 672 1108 est,
691 1011 868 1092 versionem
890 1044 954 1093 non
976 1035 1078 1096 solum

183 1137 188 1168 ¹
214 1133 366 1188 tractatus
388 1128 427 1189 de
449 1130 620 1207 nativitate,
643 1131 698 1191 sed
719 1132 812 1192 etiam
828 1133 985 1214 evangelii
999 1137 1079 1195 Mat-

216 1223 301 1288 thaei
322 1233 353 1287 et
374 1236 569 1314 caeterorum
591 1217 720 1292 illorum
742 1235 992 1314 fragmentorum
1013 1237 1077 1316 pri-

216 1327 312 1408 mitus
344 1330 518 1388 confectam
553 1349 621 1391 esse
651 1331 686 1389 in
718 1331 852 1391 dialecto
886 1333 1080 1393 Francorum

215 1424 352 1486 Galliam
366 1425 591 1504 habitantium3
613 1427 685 1489 inde
715 1432 915 1512 scriptorem,
938 1439 1078 1514 utputo,

216 1525 423 1586 Alamannum
443 1527 495 1589 vel
515 1527 724 1608 Bojoarium,
750 1530 806 1610 qui
828 1518 988 1612 exemplar
1017 1530 1080 1592 sibi

217 1626 403 1708 descripsit,
432 1627 619 1694 indialecto
641 1651 715 1706 mox
747 1631 931 1712 exemplaris
963 1631 1080 1692 descri-

216 1723 312 1784 hendi
342 1727 559 1787 auctoritatem
588 1749 661 1788 mox
690 1729 795 1812 patrui
828 1725 984 1790 sermonis
1007 1751 1080 1791 con-

170 1812 172 1825 ’
217 1825 415 1886 suetudinem
437 1837 603 1908 sequutum
631 1849 709 1889 esse.

299 1925 471 2008 Reliquum
493 1935 540 1986 est
560 1927 712 2008 ut'pauca
737 1930 839 1988 dicam
861 1932 899 1990 de
920 1939 1078 2011 praestan-

214 2028 260 2088 tia
293 2027 459 2088 versionis.
514 2027 665 2086 Omnium
707 2029 762 2108 qui
798 2037 867 2089 ante
906 2031 1079 2092 Notkerum

216 2127 312 2189 latine
334 2127 452 2208 scripta
472 2127 506 2186 in
526 2126 667 2207 linguam
697 2129 885 2188 theotiscam
915 2129 1078 2207 verterint,

215 2227 299 2287 hunc
321 2227 403 2288 sicut
424 2227 562 2308 primum
584 2208 637 2288 itai
647 2229 959 2317 praestantissimum
970 2229 1079 2304 fuisse,

165 2387 166 2392 ,
215 2347 317 2409 nuper
336 2328 444 2390 multis
467 2327 615 2409 exemplis
636 2327 780 2409 probavit
802 2330 903 2387 Maur.
923 2328 1079 2409 Hauptius

216 2427 250 2486 in
272 2425 435 2487 annalium
456 2426 636 2494 literaturae
666 2426 957 2488 Vindobonensium
990 2429 1077 2512 volu·

215 2526 301 2586 mine
321 2527 443 2591 LXVII.
485 2529 618 2589 Nostrae
648 2528 829 2609 provinciae
859 2535 906 2588 est
935 2536 970 2588 ut
999 2523 1081 2609 quae'

201 2625 271 2688 *ille
294 2625 333 2686 de
353 2627 539 2707 fragmentis
560 2625 855 2687 Vindobonensibus
879 2625 1077 2706 judicaverit,

216 2726 356 2787 versioni
375 2725 490 2786 lsidori
511 2726 679 2786 Parisiensi
701 2727 908 2791 vindicemus.

298 2829 326 2886 A
338 2831 427 2888 textu
441 2826 538 2886 latino
559 2825 680 2885 recedit
691 2825 794 2886 versio
816 2825 866 2886 his
886 2824 965 2886 loeis
977 2826 1075 2889 :²Fol.

215 2901 392 3012 xv11l‚,a,
413 2923 468 2988 ubi
489 2924 603 2987 verba:
636 2924 915 3002 „ludaei-dicunt,
936 2926 1075 2985 nondum

217 3024 365 3086 essehoc
387 3033 510 3106 tempus
546 3022 722 3106 expletum,
737 3023 936 3096 ‘mentientes
968 3025 1075 3084 neseio

215 3129 311 3206 quern
326 3128 446 3206 Regem
468 3145 505 3184 ex
524 3143 638 3211 genere
652 3123 748 3184 Judae
762 3123 796 3183 in
811 3122 957 3183 extremis
974 3124 1075 3183 orien-

168 3301 172 3308 .
215 3223 257 3284 tis
277 3222 419 3304 partibus
441 3242 574 3304 regnum
593 3223 734 3298 tenere,“
756 3222 802 3282 sic
817 3222 966 3283 translata
980 3215 1073 3284 sunt:

217 3323 329 3400 „Dhea
343 3323 446 3388 Judea
465 3343 542 3384 auur
556 3349 597 3368 ⁶—
612 3323 771 3404 quedhant
791 3323 956 3403 leogando,
980 3322 1074 3384 dhazs
1102 3325 1103 3330 ’

215 3425 280 3484 noh
294 3424 328 3483 ni
348 3425 388 3484 sii
411 3425 505 3486 dhazs
518 3425 604 3485 niidh
620 3423 748 3485 arsullit.
771 3425 804 3483 ni
822 3424 931 3485 uueizs
949 3425 985 3495 ih
1000 3425 1074 3484 eini-

217 3524 432 3604 ganchunine
455 3527 533 3588 lona
546 3525 669 3588 iudaaes
689 3523 792 3588 edhile
806 3525 872 3587 noh
893 3525 927 3583 in
947 3535 1073 3586 uzsson-
